2196 3006
1076 254 1204 285 XXIV

253 366 416 389 annorum
438 353 585 385 numeris
609 351 748 382 definire
772 348 983 380 audeamus?
1027 347 1066 377 Id
1090 356 1173 376 sane
1197 345 1245 375 sic
1269 343 1473 383 simpliciter
1511 353 1531 373 a
1556 343 1719 374 Therone
1744 341 2044 382 proficiscentibus

253 411 403 442 nondum
438 407 621 439 succedere
650 409 774 444 potest.
831 401 902 432 Sed
939 401 1066 435 Thero,
1101 400 1195 439 quod
1226 408 1331 438 supra
1370 397 1691 436 demonstravimus⁷
1725 397 1835 427 tribus
1870 396 2044 427 aetatibus

255 464 499 499 (Aenesidami,
526 461 757 495 Eumenidae,
782 457 1003 493 Telemachi),
1028 456 1093 491 vel,
1117 455 1211 494 quod
1234 455 1325 484 idem
1350 458 1411 492 est,
1441 462 1508 483 uno
1532 452 1669 492 integro
1697 452 1836 482 saeculo
1871 451 1915 480 ab
1951 460 2041 480 anno

253 504 441 553 clarissimo
476 518 629 557 epochae
662 514 864 554 Delphicae,
895 521 965 552 quo
1000 520 1088 541 anno
1122 509 1193 539 ludi
1224 508 1341 548 Pythii
1371 507 1520 546 primum
1554 506 1725 537 coronarii
1758 505 1840 536 facti
1863 511 1950 544 sunt,
1989 503 2042 537 Ol.

254 576 303 611 49,
317 576 335 605 3
350 587 387 599 =
402 573 472 612 582,
496 571 606 601 distat.
645 569 696 599 Eo
720 568 825 608 igitur
846 576 914 596 uno
939 565 1078 596 saeculo
1103 564 1263 603 deducto⁷
1288 563 1316 593 si
1338 562 1406 592 iam
1423 562 1467 591 ab
1493 571 1582 591 anno
1600 562 1756 600 epochae
1771 559 1965 600 Delphicae
1981 560 2042 590 582

255 634 333 660 octo
357 626 500 657 saeculis
529 629 620 654 retro
650 622 912 659 adscendamus,
945 618 1019 650 fieri
1053 617 1212 658 profecto
1245 627 1313 647 non
1335 615 1472 656 poterit,
1505 615 1585 655 quin
1609 615 1729 646 Cadmi
1763 625 1872 645 annus
1901 614 2042 655 primus,

254 682 363 722 qualis
386 681 419 710 in
440 678 658 710 sacerdotum
673 676 922 715 Delphicorum
937 673 1110 704 laterculis
1126 672 1334 702 constitutus
1358 676 1460 706 esset,
1485 680 1547 700 sua
1571 675 1695 709 sponte
1719 680 1756 700 se
1779 669 1879 700 nobis
1902 668 2040 700 offerat:

253 745 360 767 annus
385 735 463 765 1382
488 744 516 764 a.
542 732 617 763 Chr.
639 742 670 761 n.
714 730 822 769 Atqui
846 729 968 760 Cadmi
992 727 1125 767 epocha
1147 727 1285 756 inventa
1309 735 1532 765 nequaquam
1564 724 1632 754 iarn
1663 724 1809 754 arduum
1838 724 1912 759 erit,
1940 723 2045 762 pluri-

255 799 387 820 marum
409 797 523 818 rerum
545 786 760 824 reliquarum,
783 793 927 823 quarum
952 792 972 811 a
995 781 1124 812 Cadmo
1152 780 1335 811 intervalla
1365 780 1568 819 plerumque
1600 783 1684 808 nota
1708 783 1741 809 et
1777 779 1923 818 volgata
1955 783 2042 814 sunt,

255 850 411 883 tempora
446 840 537 871 facili
560 843 721 878 computo
745 837 936 876 concipere.
982 834 1053 866 Sed
1077 835 1267 866 cavendum
1300 835 1334 864 in
1358 835 1426 864 hoc
1448 833 1591 873 negotio
1616 842 1778 863 maxume
1803 838 1865 868 est,
1888 843 1930 863 ne
1954 842 2043 872 quae

256 895 521 927 demonstranda
553 894 688 923 demum
713 896 800 926 sunt,
838 900 902 930 pro
926 889 993 919 iam
1016 889 1261 919 demonstratis
1284 898 1466 919 sumamus.
1513 887 1603 917 Nam
1625 897 1728 917 unum
1751 897 1840 917 nunc
1864 893 1925 924 est,
1948 887 2043 926 quod

254 952 287 981 in
320 951 376 981 illo
410 955 480 979 tam
512 948 664 987 eleganti
686 946 856 977 Theronis
880 950 1061 975 stemmate
1084 942 1358 982 religiosissume
1381 941 1502 980 quaeri
1525 946 1684 980 oportet:
1714 946 1828 970 utrum
1850 945 1926 970 utro
1949 940 2044 979 prius

255 1011 357 1044 atque
373 1003 542 1043 antiquius
558 1002 613 1032 sit:
639 1011 717 1031 num
733 999 851 1031 Cadmi
875 999 1009 1038 epocha
1031 998 1097 1028 iam
1121 996 1308 1036 antiquitus
1333 1000 1428 1026 certo
1453 994 1525 1025 fixa
1549 1000 1583 1025 et
1602 994 1755 1025 stabilita
1773 994 1894 1034 viginti
1910 999 2044 1034 septem

254 1060 329 1089 illas
349 1064 482 1088 aetates
505 1056 694 1096 pepererit3
719 1064 762 1084 an
786 1060 907 1085 contra
930 1058 1011 1093 post
1034 1051 1156 1092 viginti
1180 1056 1314 1089 septem
1339 1055 1473 1080 aetates
1495 1049 1538 1081 ab
1565 1049 1707 1079 eruditis
1723 1049 1757 1078 in
1769 1049 1941 1079 Theronis
1966 1048 2044 1079 aula

255 1114 440 1144 adornatas
473 1111 594 1142 Cadmi
626 1116 772 1148 tempuS‚
794 1108 886 1138 nullo
921 1107 1065 1138 aliarum
1093 1106 1371 1145 anagrapharum
1405 1110 1566 1143 respectu
1597 1103 1726 1142 habito,
1761 1102 1809 1133 sic
1844 1102 2044 1142 simpliciter

254 1166 449 1198 accesserit.
495 1165 551 1194 Ad
583 1165 671 1194 hanc
702 1162 941 1203 quaestionem
976 1161 1228 1191 diiudicandam
1251 1160 1338 1190 haec
1367 1159 1467 1189 unica
1497 1159 1553 1188 via
1576 1164 1682 1197 patet,
1717 1163 1754 1188 ut
1787 1168 1867 1188 num
1903 1158 1936 1187 in
1970 1156 2046 1186 aliis

255 1231 393 1261 quoque
416 1221 560 1250 heroum
576 1218 794 1258 genealogiis
811 1217 958 1247 eundem
978 1215 1129 1246 Cadmus
1152 1215 1266 1245 locum
1285 1219 1484 1244 constanter
1502 1213 1670 1251 obtineat,
1695 1223 1816 1243 eruere
1838 1218 2047 1252 temptemus

255 1275 308 1306 Ac
332 1280 409 1305 sunt
433 1284 514 1304 sane
536 1274 774 1303 nonnullarum
798 1272 1078 1311 anagrapharum
1100 1270 1249 1309 vestigia
1272 1269 1316 1299 ad
1349 1278 1411 1298 nos
1435 1269 1580 1308 perlata,
1616 1277 1705 1307 quae
1739 1267 1945 1298 luculentam
1969 1277 2045 1297 cum

255 1330 319 1360 illis
352 1329 520 1359 Theronis
555 1328 693 1358 calculis
725 1326 980 1357 similitudinem
1004 1325 1196 1355 ostendunt.
1254 1322 1470 1362 Quamquam
1493 1323 1527 1352 in
1550 1323 1599 1353 eis
1623 1332 1726 1352 unum
1748 1322 2042 1361 praemonendum

257 1389 318 1414 est.
359 1384 438 1413 Non
462 1382 581 1414 Cadmi
604 1382 761 1422 profecto
785 1387 883 1411 aetas
905 1381 962 1411 illa
984 1380 1055 1415 fuit,
1080 1389 1184 1419 quarn
1208 1378 1357 1408 omnium
1380 1377 1525 1416 primam
1550 1376 1801 1416 chronologiae
1825 1375 1982 1416 magistri
2008 1380 2046 1406 ut

258 1444 387 1469 certum
408 1437 583 1477 fixumque
613 1438 644 1467 in
669 1447 782 1467 rerum
806 1436 1018 1466 Graecarum
1043 1433 1208 1464 memoria
1238 1432 1413 1462 cardinem
1436 1431 1688 1468 constituerint;
1718 1440 1793 1461 eam
1830 1431 1891 1461 tali
1915 1431 2048 1461 honore

258 1502 326 1522 non
348 1491 479 1531 dignati
496 1497 588 1527 sunt;
614 1491 717 1521 immo
736 1491 802 1521 alia
820 1491 886 1520 duo
906 1495 983 1520 sunt
998 1489 1091 1519 facta
1106 1490 1212 1528 longe
1230 1487 1374 1518 clariora
1392 1492 1425 1517 et
1439 1487 1680 1523 celebratiora,
1704 1487 1827 1526 quibus
1843 1492 1981 1517 veteres
1999 1486 2047 1516 illi

257 1553 449 1585 temporum
472 1547 725 1585 gubernatores
748 1546 837 1575 hunc
862 1544 1091 1584 principatum
1116 1543 1328 1574 tribuerunt:
1353 1541 1636 1581 Argonautarum
1661 1541 1836 1581 expeditio
1861 1547 1895 1571 et
1917 1540 2049 1572 bellum

258 1599 401 1639 Septem
424 1600 547 1630 ducum
571 1605 691 1629 contra
714 1600 865 1629 Thebas.

342 1754 390 1784 22.
433 1753 473 1782 In
496 1763 609 1783 rerum
630 1753 858 1792 mythicarum
883 1752 1053 1782 memoria
1077 1750 1227 1781 omnium
1251 1751 1367 1790 primis
1392 1752 1526 1781 duobus
1548 1750 1648 1781 factis
1671 1751 1960 1790 chronographos

439 1807 628 1846 Delphicos
651 1812 811 1846 tempora
832 1806 905 1837 fixa
931 1812 965 1836 et
989 1812 1083 1836 certa
1106 1805 1318 1836 attribuisse:
1344 1806 1628 1846 Argonautarum
1652 1804 1867 1844 expeditioni

762 1866 796 1890 et
818 1861 911 1891 bello
936 1860 1080 1899 Septem
1107 1861 1230 1890 ducum
1253 1865 1373 1890 contra
1396 1860 1544 1891 Thebas.

408 1952 505 1982 Haec
529 1952 596 1981 duo
618 1951 710 1982 facta
736 1956 900 1991 tanquam
929 1952 995 1981 duo
1017 1952 1220 1982 inconcussa
1242 1951 1275 1981 in
1300 1951 1413 1982 medio
1438 1956 1631 1990 temporum
1654 1950 1792 1981 flumine
1816 1960 1902 1981 saxa
1927 1949 2049 1981 ferreis

259 2006 357 2045 quasi
392 2006 534 2036 vinculis
572 2011 606 2036 et
643 2005 749 2036 clavis
789 2006 1028 2037 devinxerunt.
1088 2005 1206 2045 Atque
1235 2006 1327 2036 aliud
1360 2011 1543 2045 praeterea
1565 2003 1745 2034 artificium
1768 2005 1924 2036 accessit.
1969 2004 2047 2034 Non

260 2061 432 2090 diversam
457 2070 573 2090 eorum
597 2060 765 2091 factorum
790 2065 951 2099 aetatem,
976 2061 1038 2090 sed
1061 2070 1171 2099 paene
1195 2070 1298 2091 unam
1326 2061 1539 2099 eandemque
1563 2069 1640 2089 esse
1662 2059 1851 2095 voluerunt,
1886 2065 1923 2089 ut
1945 2058 2049 2099 pauci

259 2116 496 2145 tantummodo
530 2115 609 2144 anni
642 2114 729 2145 inter
761 2125 802 2145 ea
825 2114 994 2145 interiecti
1017 2121 1142 2145 essent.
1195 2114 1249 2144 Ex
1274 2125 1315 2145 ea
1338 2124 1422 2145 vero
1449 2113 1733 2153 Argonautarum
1760 2113 1992 2153 expeditionis
2015 2117 2050 2143 et

263 2169 343 2200 belli
378 2168 520 2208 Septem
551 2169 674 2199 ducum
708 2174 903 2208 temporum
935 2170 1144 2208 aequalitate
1166 2169 1320 2199 notabile
1351 2174 1403 2199 est
1426 2167 1602 2199 mirificum
1629 2169 1800 2208 quendam
1823 2168 1857 2198 in
1879 2167 2050 2198 nonnullis

259 2224 403 2253 heroum
425 2223 641 2262 genealogiis
663 2233 867 2253 consensum
890 2228 924 2253 et
944 2230 1147 2254 concentum
1161 2229 1278 2254 natum
1301 2234 1388 2255 esse.
1428 2223 1504 2263 Quo
1528 2223 1561 2253 in
1581 2233 1712 2263 genere
1728 2233 1816 2253 nunc
1833 2223 1877 2253 ad
1893 2227 2047 2252 nostram

261 2288 334 2308 rem
370 2288 531 2308 maxume
565 2277 656 2314 facit,
695 2279 787 2317 quod
821 2277 979 2308 Herculis
1011 2284 1044 2308 et
1073 2278 1249 2318 Polynicis
1276 2278 1408 2318 posteri
1434 2288 1578 2318 prorsus
1607 2278 1796 2316 συμμέτρως
1826 2277 1924 2308 alteri
1953 2276 2050 2306 iuxta

262 2332 391 2362 alteros
413 2342 475 2371 per
498 2333 690 2372 complures
713 2338 846 2362 aetates
870 2332 1040 2363 incedunt.
1075 2333 1164 2363 Nam
1187 2333 1477 2372 quemadmodum
1494 2332 1677 2372 Polynices
1699 2342 1776 2362 cum
1796 2332 1889 2362 bello
1906 2330 2049 2370 Septem

264 2386 396 2422 ducum,
426 2386 474 2416 ita
502 2386 670 2417 Hercules
700 2397 775 2417 cum
798 2386 1051 2426 Argonauticis
1081 2387 1377 2418 coniunctissimus
1406 2392 1468 2419 est.
1512 2387 1699 2417 Herculem
1729 2387 1816 2417 enim
1848 2386 1920 2417 eius
1946 2395 2051 2424 expe-
