2196 3006
1072 279 1234 310 XXVIII

263 378 386 410 Orch.'-'
407 388 439 417 p.
463 378 519 407 301
547 382 580 406 et
603 376 671 406 459.
719 374 757 404 In
781 373 860 403 fatis
887 378 969 407 erat,
995 378 1030 402 ut
1055 371 1125 402 eius
1148 371 1274 411 gentis,
1297 381 1387 410 quae
1412 371 1566 411 Cyrenas
1588 377 1712 410 postea
1734 371 1915 401 conditura
1944 375 2046 407 esset,

262 438 383 463 auctor
417 441 460 461 ex
484 431 767 470 Argonautarum
792 437 867 458 curn
891 427 1041 457 Lemniis
1064 426 1263 456 mulieribus
1286 425 1413 464 nuptiis
1436 425 1610 465 prodiret;
1644 425 1742 456 Pind.
1766 425 1867 465 Pyth.
1891 425 1949 463 IV,
1972 426 2048 456 251:

262 488 297 518 ἔν
329 489 354 517 τ’
376 486 530 517 Ὠκεανοῦ
564 484 738 520 πελάγεσσι
772 482 859 520 μίγεν
887 481 996 521 πόντῳ
1019 481 1045 511 τ’
1069 481 1191 521 ἐρυθρῷ
1215 480 1226 519 Η
1248 480 1389 518 Λαμνιᾶν
1426 479 1452 511 τ’
1477 480 1560 511 ἔθνει
1591 483 1750 517 γυναικῶν
1785 479 2013 518 ἀνδροφόνων·
2038 477 2050 519 Η

261 542 338 573 ἔνθα
368 541 417 571 καὶ
438 540 534 576 γυίων
564 538 691 575 ἀέθλοις
715 536 918 567 ἐπεδείξαντο
941 535 979 566 ἶν’
1005 536 1144 573 ἐσθᾶτος
1168 534 1278 573 ἀμφίς,
1302 534 1313 573 ΙΙ
1335 535 1385 565 καὶ
1408 535 1640 566 συνεύνασθεν.
1686 534 1865 574 Euphemo
1889 533 2050 564 Malacha

262 595 449 634 obtigerat3
473 593 585 624 Schol.
610 592 705 622 Pind.
729 590 828 630 Pyth.
852 589 911 621 IV.
935 590 995 620 455
1018 600 1048 629 p.
1072 590 1148 619 371:
1173 589 1202 620 οἱ
1224 590 1285 627 γὰρ
1301 589 1510 627 Ἀργοναῦται
1533 590 1568 620 ἐν
1590 592 1627 629 τῇ
1646 589 1759 629 Λήμνῳ
1783 591 1854 627 ταῖς
1876 588 2050 627 Λημνιάσιν

262 649 470 687 ἐπλησίασαν,
499 648 532 678 ἑν
562 645 613 685 οἷς
639 646 689 676 καὶ
714 645 869 683 Εὔφημος
893 643 1030 684 Μαλάχῃ
1054 644 1218 674 συνελθὼν
1243 643 1434 681 Λευκοφάνη
1460 643 1624 681 ἐποίησεν.
1670 643 1879 673 Lamacham
1903 644 2048 674 eandem

260 709 361 733 vocat
386 702 511 731 Tzetza
538 701 582 730 ad
612 699 782 739 Lycophr.
811 699 881 733 886,
911 698 976 728 vol.
1006 697 1038 727 Π
1066 708 1097 737 p.
1127 698 1187 728 859
1216 698 1267 728 ed.
1292 697 1448 728 Mueller.
1501 696 1675 731 Sesamus,
1704 697 1947 737 Leucophanis
1969 707 2049 737 pro-

259 767 378 796 ηεροδ,
411 756 443 785 in
477 765 595 785 eorum
630 753 767 793 agmine
795 752 866 787 fuit,
904 752 961 792 qui
1004 762 1080 783 cum
1113 751 1229 781 Thera
1266 761 1351 790 rege
1380 751 1643 781 Lacedaemone
1680 752 1799 782 relicta
1832 751 1865 781 in
1898 751 2049 781 Theram

260 811 402 841 insulam
426 810 633 839 traiecerunt
657 807 771 846 ibique
797 807 947 836 Penates
973 806 1241 843 constituerunt3
1266 804 1381 836 Schol.
1404 805 1500 836 Pind.
1524 805 1625 845 Pyth.
1646 805 1705 840 IV,
1727 806 1765 836 88
1789 816 1820 845 p.
1840 806 1914 836 350:
1939 806 2048 844 Θήρας

260 866 278 896 ὁ
302 862 619 901 Αὐτεσίωνος...εἰς
642 862 699 899 τὴν
724 862 832 899 Θήραν
856 861 1023 892 εκτοπίζει’
1057 862 1159 897 συνῆν
1187 862 1222 891 δὲ
1246 861 1332 900 αὐτῷ
1357 861 1408 890 καὶ
1430 860 1548 898 Σάμος,
1578 859 1616 890 οὗ
1646 859 1811 897 ἀπόγονος
1841 860 1980 899 Βάττος,
2015 866 2049 890 et

260 919 371 950 Schol.
396 918 557 957 Apollon.
582 916 697 946 Rhod.
723 915 782 950 IV,
810 916 905 945 1750:
941 912 1107 955 Εὔφημος]
1138 914 1183 953 εἷς
1212 915 1246 945 δέ
1270 925 1316 952 τις
1344 915 1443 946 αὐτοῦ
1468 916 1532 945 τῶν
1557 914 1728 951 ἀπογόνων
1753 915 1906 953 Σήσαμος
1931 915 2048 954 ᾤκισεν

260 974 376 1011 Θήραν,
400 972 437 1003 οὗ
462 972 624 1009 ἀπόγονος
647 971 780 1008 γε’γονεν
804 970 1031 1008 Ἀριστοτέλης
1056 970 1088 1007 (ἰ.
1113 980 1139 999 e.
1166 969 1299 1007 Βάττος,
1320 968 1360 999 cf.
1385 969 1482 999 Pind,
1512 969 1612 1008 Pyth.
1642 968 1684 1004 V,
1716 969 1777 1004 87).
1811 968 1898 998 conf.
1933 968 2048 1000 Schol.

258 1028 352 1058 Pind.
375 1027 475 1066 Pyth.
498 1025 556 1061 IV,
581 1026 640 1055 455
664 1035 696 1064 p.
720 1025 790 1059 372,
814 1025 868 1055 lin.
894 1025 921 1055 7.
972 1024 1072 1054 Hunc
1095 1023 1235 1054 Samum
1260 1023 1332 1053 sive
1357 1022 1539 1053 Sesamum
1563 1033 1626 1053 rex
1649 1023 1783 1054 Theras
1807 1023 1924 1063 magni
1947 1023 2048 1053 aesti-

260 1091 372 1111 masse
408 1081 551 1116 videtur,
589 1080 756 1119 siquidem
793 1078 898 1108 filium
922 1089 1019 1108 suum
1055 1079 1087 1108 in
1124 1078 1239 1108 Thera
1276 1083 1474 1117 susceptum
1509 1077 1653 1115 (Herod.
1687 1077 1746 1114 IV,
1783 1076 1852 1116 149)
1886 1078 1919 1107 in
1949 1077 2049 1107 amici

258 1136 422 1165 honorem
438 1136 569 1169 eodemy
595 1133 698 1172 Sami,
721 1134 858 1163 nomine
874 1133 1093 1173 nuncupavit.
1129 1132 1269 1163 Samum
1288 1132 1376 1162 enim
1394 1132 1530 1162 Therae
1549 1131 1663 1171 filium,
1687 1131 1886 1162 Telemachi
1901 1137 2047 1171 patrem,

258 1191 324 1220 iam
348 1200 452 1229 supra
475 1190 516 1229 (p.
542 1188 629 1226 XX)
653 1188 685 1217 in
709 1187 878 1218 Theronis
902 1197 1113 1227 proavorum
1137 1187 1224 1217 serie
1248 1187 1448 1217 invenimus.

391 1343 439 1373 27.
484 1341 735 1381 Spartanorum
758 1350 879 1380 regum
903 1342 995 1379 apud
1016 1341 1236 1370 Herodotum
1260 1340 1335 1375 VH,
1360 1341 1421 1371 204
1445 1341 1646 1370 laterculum
1672 1350 1748 1371 cum
1772 1340 1911 1370 Pindari

828 1395 966 1426 calculis
990 1395 1245 1425 accuratissime
1269 1405 1471 1434 congruere.

408 1488 490 1519 Cum
523 1489 588 1518 hoc
620 1488 866 1527 Delphicorum
901 1487 1119 1518 sacerdotum
1144 1497 1283 1523 canone,
1319 1497 1387 1526 quo
1421 1487 1580 1517 Herculis
1614 1497 1670 1516 res
1706 1493 1740 1517 te
1763 1487 1868 1517 vitam
1897 1487 1931 1517 in
1954 1486 2047 1517 XIX

259 1549 408 1573 aetatem
432 1548 511 1572 ante
537 1552 660 1572 annum
689 1552 791 1572 aerae
817 1541 1009 1581 Delphicae
1032 1542 1092 1572 582
1117 1542 1331 1575 rettulerunt.
1362 1541 1506 1580 egregie
1534 1542 1695 1580 congruit
1725 1551 1844 1580 regum
1874 1541 2047 1573 Lacedae-

259 1597 447 1626 moniorum
470 1596 715 1636 (Agiadarum)
740 1597 783 1626 ab
805 1596 954 1626 Hercule
976 1597 1020 1625 ad
1044 1596 1231 1626 Leonidam
1247 1596 1442 1632 laterculus,
1466 1606 1567 1635 quem
1592 1606 1668 1626 cum
1688 1595 1744 1625 alii
1760 1602 1952 1635 servarunt,
1975 1603 2047 1627 tum

259 1651 387 1690 optime
411 1650 609 1680 Herodotus
633 1651 709 1685 VH,
734 1651 803 1685 204,
829 1651 931 1680 modo
956 1650 1152 1680 nominibus
1175 1650 1240 1680 illis
1265 1651 1357 1689 apud
1380 1650 1599 1680 Herodotum
1628 1650 1748 1689 viginti
1779 1656 1813 1681 et
1835 1650 1892 1680 uni
1916 1650 2048 1681 inseras

258 1715 360 1735 unum
393 1715 516 1735 nomen
549 1705 581 1734 in
616 1705 729 1735 media
760 1704 832 1735 fere
862 1705 950 1735 serie
984 1705 1071 1734 inter
1104 1705 1331 1744 Hegesilaum
1357 1711 1390 1734 et
1412 1704 1637 1734 Archelaum:
1671 1714 1795 1735 nomen
1816 1703 1977 1741 Alenclaz}
2012 1711 2048 1735 ut

258 1760 379 1799 viginti
413 1760 479 1789 duo
506 1759 598 1789 fiant.
655 1759 693 1789 Id
728 1769 852 1789 nomen
888 1759 1053 1789 laterculo
1090 1760 1284 1789 addendum
1320 1769 1405 1799 esse,
1437 1758 1543 1789 fretus
1578 1759 1774 1789 testimonio
1798 1759 2048 1798 Epitomatoris

258 1814 403 1844 Barbari
426 1814 458 1843 in
480 1813 629 1843 Eusebio
655 1814 707 1845 ed.
730 1814 885 1844 Schoene
909 1814 976 1845 vol.
997 1814 1012 1843 Ι
1037 1814 1196 1853 Append.
1214 1824 1246 1853 p.
1262 1814 1322 1844 218
1346 1814 1408 1843 sub
1422 1812 1482 1844 42¹>
1508 1813 1562 1843 lin.
1585 1814 1603 1843 8
1627 1813 1822 1843 acutissime
1846 1820 1881 1843 et
1904 1814 2048 1854 egregie

260 1868 511 1898 demonstravit
546 1867 593 1898 Io.
617 1867 775 1903 Brandis„
801 1868 843 1897 de
868 1868 989 1907 Temp.
1019 1867 1141 1899 Graec.
1166 1874 1230 1898 ant.
1255 1873 1316 1898 rat.
1351 1878 1384 1907 p.
1418 1869 1466 1898 30.
1524 1867 1600 1897 Hoc
1634 1867 1874 1906 supplemento
1904 1874 2046 1908 recepto

259 1923 417 1953 Herculis
448 1922 480 1952 in
513 1924 578 1952 hoc
611 1932 748 1962 quoque
774 1923 940 1952 laterculo
965 1930 1123 1962 tempora
1146 1924 1189 1953 ad
1215 1927 1376 1961 aetatem,
1401 1933 1489 1961 quae
1513 1921 1604 1951 XIX
1631 1928 1683 1951 est
1707 1929 1785 1951 ante
1809 1932 1933 1952 annum
1956 1923 2046 1962 prin-

259 1977 369 2016 cipem
395 1987 498 2007 aerae
521 1977 721 2016 Delphicae,
746 1977 938 2007 reiciuntur.
973 1977 1006 2007 Is
1029 1987 1111 2007 vero
1138 1983 1189 2008 tot
1212 1984 1279 2007 tam
1299 1977 1511 2007 diversorum
1535 1976 1742 2006 calculorum
1770 1985 1957 2006 consensus
1982 1986 2046 2016 pro

257 2041 352 2062 mero
376 2032 491 2061 Fortis
511 2031 651 2061 alicuius
675 2031 849 2062 Fortunae
873 2042 954 2062 casu
979 2038 1012 2062 et
1035 2033 1110 2061 lusu
1134 2031 1253 2062 haberi
1278 2032 1344 2061 iam
1367 2031 1493 2070 nequit.

887 2404 973 2423 Hennae
990 2403 1048 2428 typis
1065 2404 1137 2424 Caroli
1154 2403 1236 2427 Georgi
1252 2403 1308 2422 univ.
1323 2407 1411 2426 typogr-
