2221 3038
1006 282 1098 313 XXI

158 380 222 409 est.
245 374 300 404 vel
323 374 519 405 'l'heronem
554 374 666 414 ipsum
692 374 746 405 vel
769 373 955 404 Pindarum
980 380 1120 414 praeter
1151 374 1303 406 virorum
1331 375 1470 406 nomina
1501 375 1544 406 de
1572 376 1675 406 rebus
1698 384 1816 406 eorum
1840 375 1949 416 gestis

157 429 265 460 multa
290 434 324 459 et
348 428 585 459 memorabilia
608 428 764 469 proferre
787 429 952 468 potuisse.

307 482 379 514 Sed
395 483 448 513 his
463 488 627 523 quattuor
644 483 789 514 saeculis
805 482 908 513 finitis
932 492 1043 513 novos
1059 484 1125 514 hoc
1140 494 1252 523 genus
1269 485 1480 524 altioresque
1500 494 1618 515 rursus
1646 484 1785 524 spiritus
1811 484 1947 515 adsum-

158 538 226 579 psit
249 544 283 569 et
307 537 382 568 deis
404 537 580 568 hominum
603 537 749 577 inceptis
774 537 1005 568 adnuentibus
1038 547 1130 569 nova
1152 539 1228 569 luce
1253 538 1423 569 Theronis
1456 548 1667 579 proavorum
1702 539 1825 570 domus
1849 538 1951 570 fulsit.

158 592 262 624 Anno
292 593 352 624 581
389 603 417 623 a.
441 591 520 623 Chr.
555 602 575 622 a
599 590 808 623 Gelensibus
829 592 1063 632 Agrigentum
1099 592 1273 624 conditum
1309 598 1362 624 est
1394 593 1516 631 (Thuc.
1548 593 1607 634 VI,
1641 594 1677 633 4;
1712 593 1827 629 Helm,
1863 593 1949 625 Hist.

158 646 226 679 Sic.
239 646 264 685 1,
286 647 368 685 385).
406 645 490 678 Cum
507 646 612 686 igitur
635 646 693 676 illo
717 653 873 687 tempore
886 646 1056 679 Gelenses
1072 648 1116 678 ad
1133 648 1332 678 colonorum
1349 657 1525 678 numerum
1543 648 1752 688 explendum
1768 658 1813 678 ex
1833 654 1951 679 vetere

158 711 298 743 quoque
319 701 430 741 patria
456 700 586 731 Rhodo
614 701 707 731 viros
730 700 838 732 sortes
864 702 908 731 ad
934 701 1008 732 eius
1033 702 1158 742 incepti
1185 701 1388 732 societatem
1411 709 1608 742 evocarent,
1635 712 1681 733 ex
1703 702 1760 733 illa
1781 703 1952 733 Theronis

158 765 370 797 proavorum
393 755 501 795 stirpe
526 762 685 786 strenuus
709 756 848 795 quidam
872 761 905 786 et
921 765 1114 796 generosus
1136 757 1269 786 iuvenis
1293 762 1438 788 exortus
1467 763 1529 791 est.
1553 757 1782 788 Telemachus
1804 758 1950 794 nomine,

157 811 211 842 cui
234 820 303 842 non
326 819 449 841 nomen
475 816 617 844 tantum,
642 811 704 841 sed
728 810 901 850 ingenium
925 820 1061 850 quoque
1084 811 1348 850 longinquarum
1372 821 1487 842 rerum
1513 811 1672 852 cupidum
1697 818 1731 842 et
1753 813 1798 843 ad
1821 821 1949 852 magna

159 866 320 897 audenda
336 871 533 905 promptum
550 875 625 895 eum
643 871 761 896 vetere
778 865 836 895 illo
853 874 985 904 proavo
1003 874 1182 895 commune
1207 872 1309 899 esset,
1332 865 1389 905 qui
1405 875 1512 896 naves
1535 867 1736 897 conscendit
1759 872 1794 897 et
1810 866 1951 901 Rhodo,

158 920 278 952 relicta
302 929 378 951 cum
401 929 539 950 suorum
564 919 703 960 agmine
718 919 904 959 Agrigenti
929 919 1131 950 condendae
1154 919 1329 959 particeps
1356 919 1468 950 factus
1491 926 1553 955 est,
1577 918 1693 952 Schol.
1710 920 1808 952 Pind.
1829 921 1882 954 Ol.
1906 922 1948 958 H,

156 975 198 1007 82
221 985 253 1015 p.
278 975 326 1006 72.
387 973 505 1014 Atque
539 975 638 1005 huius
669 974 807 1014 quidem
840 974 1055 1008 narrationis.
1091 983 1159 1014 qua
1196 973 1364 1004 Theronis
1393 974 1514 1014 proavi
1549 982 1645 1005 recto
1683 985 1784 1006 cursu
1818 975 1950 1008 Rhodo

159 1029 395 1070 Agrigentum
418 1029 522 1059 delati
547 1029 758 1063 dicebantur.
783 1034 817 1059 et
835 1028 975 1059 Theron
999 1029 1073 1069 ipse
1097 1034 1131 1059 et
1155 1027 1324 1058 Pindarus
1348 1035 1507 1059 auctores
1530 1035 1637 1067 erant,
1661 1039 1736 1060 cum
1761 1031 1948 1062 secundum

157 1084 398 1114 nonnullorum
422 1083 627 1123 scriptorum
651 1083 778 1114 famam
802 1083 978 1123 aliquanto
1004 1084 1098 1123 prius
1121 1082 1167 1113 illi
1190 1083 1318 1113 Rhodo
1343 1082 1490 1122 profecti
1513 1081 1646 1123 Gelam,
1671 1084 1795 1115 deinde
1819 1085 1950 1125 aliquot

160 1138 333 1169 aetatibus
359 1143 439 1178 post
471 1147 539 1168 una
560 1147 636 1168 cum
661 1136 868 1168 Gelensibus
891 1147 1003 1168 novae.
1026 1137 1183 1168 coloniae
1216 1137 1413 1168 auctoribus
1436 1136 1670 1177 Agrigentum
1699 1139 1950 1180 commigrasse

160 1192 436 1233 perhiberentur.
480 1191 518 1222 In
541 1192 606 1223 hac
630 1192 870 1223 controversia
894 1192 1113 1222 tutissumum
1146 1191 1238 1222 haud
1267 1191 1371 1222 dubie
1405 1192 1469 1222 erit
1491 1192 1676 1223 Pindarum
1701 1193 1823 1224 ducem
1846 1194 1952 1234 sequi,

157 1256 366 1287 quamquam
403 1246 590 1276 scholiasta
614 1246 734 1276 mirum
768 1253 932 1286 quantum
965 1247 996 1277 in
1027 1246 1160 1277 calculo
1190 1247 1234 1276 ad
1257 1245 1398 1276 Pindari
1429 1247 1633 1277 sententiam
1663 1247 1845 1279 adiciendo
1873 1258 1953 1279 cun·

158 1306 286 1334 ctatur:
311 1300 427 1332 Schol.
453 1300 548 1331 Pind.
573 1300 625 1331 01.
651 1300 691 1333 11.
719 1301 755 1331 16
778 1310 811 1340 p.
835 1301 891 1331 61:
915 1301 992 1332 ἔνιοι
1015 1301 1050 1332 δέ
1073 1308 1184 1340 φασιν,
1209 1301 1258 1332 ὅτι
1281 1301 1310 1332 οἱ
1333 1303 1391 1332 τοῦ
1404 1301 1561 1340 Θήρωνος
1577 1302 1731 1340 πρόγονοι
1747 1302 1895 1342 οὐδόλως
1917 1303 1952 1342 ἐς

158 1356 217 1393 τὴν
241 1355 340 1386 Γέλαν
364 1358 512 1394 κατῆραν,
536 1355 603 1386 ἀλλ’
628 1356 723 1393 εὐθὺς
746 1354 810 1386 ἀπὸ
830 1354 946 1386 Ῥόδου
969 1356 1014 1393 εἰς
1037 1357 1094 1393 τὴν
1110 1355 1333 1394 Ἀκράγαντα·
1357 1356 1402 1394 ὼς
1425 1356 1476 1387 καὶ
1498 1356 1516 1387 ὸ
1538 1356 1702 1396 Πίνδαρος
1719 1357 1816 1394 λέγει·
1836 1355 1892 1389 Ἐν
1915 1359 1950 1390 δὲ

159 1410 263 1442 Ρόδον
285 1411 496 1442 κατένασθεν·
520 1411 531 1424 “’
554 1409 674 1441 ἐνδένδ’
699 1410 944 1448 ἁφορμαθέντες
977 1411 1104 1448 ὺψηλὰν
1125 1410 1218 1441 πόλιν
1239 1409 1481 1448 ἀμφινέμονται,
1504 1410 1516 1449 Η
1538 1412 1672 1442 πλεῖστα
1696 1412 1753 1449 μὲν
1775 1414 1850 1450 δῶρ’
1874 1411 1950 1443 ἀθα-

157 1464 270 1503 νάτοις
292 1464 473 1502 ἀνέχοντες.
496 1464 507 1501 !'
529 1465 647 1495 ἕσπετο
675 1467 702 1495 δ’
726 1464 846 1496 ἀενάου
875 1465 1017 1496 πλούτου
1043 1466 1154 1504 νέφος.
1207 1463 1303 1495 Idem
1338 1464 1500 1496 Timaeus
1531 1465 1781 1496 Tauromenius
1807 1466 1950 1504 censuit,

158 1517 254 1550 ibid:
278 1520 329 1549 καὶ
351 1520 448 1550 τοῦτο
471 1520 502 1550 ἐξ
526 1519 625 1549 αὐτοῦ
648 1520 704 1549 τοῦ
726 1518 890 1557 Πινδάρου
913 1520 1131 1558 σαφηνίζεται,
1154 1519 1200 1558 ὼς
1223 1520 1275 1550 καὶ
1294 1519 1426 1558 Τίμαιός
1450 1526 1559 1558 φησιν.

250 1673 297 1704 19.
341 1672 396 1703 De
420 1673 529 1703 tribus
551 1673 719 1713 gradibus
740 1672 892 1704 Theroni
915 1673 1107 1713 proxumis:
1129 1673 1351 1709 Telemacho.
1376 1672 1588 1714 Emmenida,
1612 1673 1862 1706 Aenesidamo.

360 1726 438 1766 Quo
462 1734 667 1767 argumento
691 1733 836 1761 constet.
860 1727 949 1758 inter
970 1728 1216 1758 Telemachum
1239 1732 1274 1758 et
1297 1727 1533 1758 Emmenidam
1562 1738 1630 1759 non
1654 1734 1747 1760 recte

516 1782 608 1822 apud
633 1781 746 1813 Schol.
772 1781 868 1813 Pind.
892 1782 945 1814 Ol.
963 1782 1003 1818 11.
1028 1784 1067 1813 152
1090 1792 1122 1822 p.
1148 1783 1186 1814 72
1211 1781 1456 1822 Chalciopeum
1479 1782 1592 1814 inseri.

308 1871 366 1903 Ab
390 1873 456 1903 hoc
480 1872 585 1913 igitur
608 1872 818 1903 Telemacho
842 1882 934 1903 nova
956 1872 1044 1903 illius
1066 1873 1180 1913 gentis
1203 1873 1236 1903 in
1259 1884 1350 1905 nova
1373 1875 1486 1914 patria
1518 1875 1719 1916 Agrigento
1744 1861 1842 1916 quasi
1867 1886 1949 1908 aera

159 1933 195 1959 et
217 1926 317 1958 altior
340 1936 452 1958 rerum
488 1926 561 1958 eius
595 1933 628 1957 et
653 1926 840 1957 studiorum
878 1936 1000 1958 cursus
1032 1926 1157 1967 incipit.
1201 1927 1255 1958 Ex
1279 1936 1325 1959 ea·
1347 1929 1450 1959 domo
1471 1939 1560 1960 nunc
1588 1929 1645 1970 qui
1674 1931 1856 1970 prodeunt,
1885 1931 1950 1962 viri

159 1987 239 2013 sunt
261 1980 443 2022 principes,
467 1981 517 2013 rei
531 1981 690 2022 publicae
712 1981 847 2012 clavom
872 1986 1039 2021 tenenteS‚
1062 1980 1212 2022 “quique
1241 1983 1292 2013 sui
1315 1992 1486 2014 memores
1508 1983 1595 2014 alios
1611 1983 1726 2015 fecere
1747 1980 1948 2018 merendo’'.

159 2034 312 2066 Primum
344 2034 412 2065 iam
441 2034 516 2075 ipse
552 2034 782 2066 Telemachus
821 2035 877 2065 ille
900 2035 987 2066 alter
1025 2036 1251 2068 immortalem
1287 2037 1438 2077 gloriam
1474 2047 1516 2069 ea
1543 2048 1581 2069 re
1611 2044 1732 2070 nactus
1755 2045 1817 2077 est,
1854 2041 1949 2080 quod

160 2088 471 2130 Agrigentinorum
510 2096 692 2130 tyrannum
730 2089 968 2126 Phalaridem,
1017 2091 1259 2122 detestandum
1303 2092 1386 2122 illud
1426 2093 1568 2133 generis
1613 2094 1750 2124 humani
1785 2095 1947 2134 dedecus,

160 2143 330 2175 seditione
353 2143 446 2175 facta
468 2154 558 2175 anno
582 2143 655 2175 fere
678 2145 739 2175 554
763 2143 900 2182 (Euseb.
923 2145 968 2175 ad
992 2144 1044 2175 Ol.
1069 2145 1118 2181 52.
1142 2146 1177 2183 33
1200 2145 1314 2183 Holm,
1338 2146 1426 2179 Hist.
1451 2146 1517 2179 Sic.
1541 2147 1566 2184 Ι,
1593 2148 1668 2186 398)
1701 2149 1845 2181 sustulit.
1889 2149 1947 2180 Ab

159 2207 203 2229 eo
227 2198 454 2229 successionis
476 2198 596 2230 ordine
619 2205 761 2239 quartus
784 2198 909 2229 deinde
932 2205 985 2230 est
1008 2199 1131 2231 Thero.
1175 2199 1231 2230 De
1254 2200 1319 2231 hac
1342 2206 1484 2239 utraque
1499 2210 1537 2231 re
1555 2200 1760 2232 coniunctim
1777 2206 1946 2233 testantur

159 2252 301 2284 scholia.
330 2251 445 2284 Schol.
461 2252 557 2284 Pind.
574 2252 626 2284 Ol.
643 2252 701 2287 111.
723 2254 763 2284 68
787 2263 819 2292 p.
839 2254 896 2284 103
919 2258 1025 2285 extr.:
1049 2253 1234 2292 Τηλεμάχου
1257 2254 1500 2293 καταλύσαντος
1522 2255 1578 2286 τὸν
1599 2258 1664 2286 τῶν
1686 2255 1947 2294 Ἀκραγαντίνων

159 2307 320 2345 τύραννον
342 2306 486 2345 Φάλαριν
509 2309 586 2346 παῖς
608 2308 727 2344 γίνεται
753 2307 949 2347 Ἐμμενίδης,
972 2307 1011 2340 οὒ
1036 2308 1261 2346 Αἰνησίδαμος.
1285 2307 1324 2340 οὗ
1349 2308 1464 2347 Θήρων
1487 2309 1538 2340 καὶ
1561 2308 1774 2348 Ξενοκράτης.
1810 2309 1947 2341 Deinde

160 2361 240 2392 ibid.
275 2371 307 2401 p.
341 2362 399 2392 104
422 2361 507 2393 init.:
533 2361 719 2401 Ϊηλέμαχος
746 2362 807 2401 γάρ
830 2373 877 2400 τις
907 2363 1092 2401 καταλύσας
1124 2363 1182 2401 τὴν
1209 2362 1393 2401 Φαλάριδος
1420 2363 1594 2402 τυραννίδα
1623 2364 1658 2395 ἐν
1686 2361 1869 2403 Ἀκράγαντι
1889 2365 1946 2403 τὴν

161 2416 326 2455 βασιλείαν
347 2415 515 2454 ἐκτήσατο.
