2196 3006
1093 255 1203 285 XXII

404 350 599 380 Telemachi
632 349 754 379 deinde
782 348 938 388 vestigiis
961 349 1121 379 incedunt
1144 348 1211 378 duo
1234 348 1375 387 posteri,
1409 348 1469 378 tali
1492 354 1636 388 parente
1660 349 1871 390 dignissumi,
1895 351 1952 390 qui
1975 352 2042 383 iarn

262 415 433 445 proxume
467 405 508 434 ad
551 404 660 443 ipsum
692 403 887 433 Theronem
911 413 974 432 nos
998 403 1179 433 deducunt.
1230 402 1358 432 Eorum
1381 412 1471 433 nunc
1493 412 1561 433 una
1584 413 1660 434 cum
1684 403 1882 434 Telemachi
1903 406 2043 437 nomina

254 461 301 490 ita
324 459 557 493 adscribimus,
579 464 614 487 ut
642 458 762 487 eadem
790 467 897 496 opera
923 457 1054 487 numeri
1079 456 1125 486 illi
1155 462 1306 487 aetatum
1335 457 1535 491 adiciantur,
1570 458 1627 497 qui
1652 458 1685 487 in
1704 458 1913 489 Theroniani
1937 466 2038 491 stem-

258 515 357 544 matis
384 513 550 543 laterculo
574 512 622 542 eis
650 511 731 541 viris
758 511 980 542 conveniunt:
1011 512 1049 542 25
1075 511 1302 541 Telemachus
1319 510 1360 545 ΙΙ,
1389 512 1428 542 26
1451 511 1681 551 Emmenides,
1710 513 1749 543 27
1774 512 2041 551 Aenesidamus,

254 567 423 598 Theronis
445 572 551 606 pater.
595 565 657 595 Est
681 575 763 595 sane
786 565 878 595 fama
901 566 1072 604 quaedam
1097 566 1140 595 ab
1165 565 1314 605 antiquis
1337 566 1544 605 quibusdam
1567 567 1717 597 testibus
1741 575 1948 608 propagata,
1972 579 2041 609 qua

257 621 501 652 Telemachum
534 629 601 650 non
638 618 799 650 continuo
833 618 1053 650 Emmenides
1089 620 1276 659 exceperit,
1312 620 1374 650 sed
1405 620 1539 651 medius
1573 621 1661 651 inter
1685 631 1747 652 eos
1770 622 1918 653 insertus
1941 623 2043 655 fuerit

258 675 484 715 Chalciopeus
508 674 661 713 quidam;
697 673 812 704 Schol.
844 673 940 704 Pind.
966 672 1016 705 Ol.
1039 673 1082 713 ΙΙ,
1115 674 1154 704 82
1178 684 1210 713 p.
1236 674 1273 705 72
1296 674 1379 706 init:
1415 674 1603 714 Τηλέμαχος
1697 679 1804 714 κρατεῖ
1833 680 1897 709 τῶν
1919 678 2044 710 τόπων·

255 730 287 762 ἐξ
309 729 347 761 οὗ
371 729 575 767 Χαλκιοπεύς,
605 727 642 759 οὗ
664 723 861 767 Ἐμμενίδης,
885 727 923 759 οὗ
948 727 1175 768 Αἰνησίδαμος,
1199 728 1237 760 οὗ
1262 729 1385 767 Θήρων.
1433 728 1504 760 Sed
1529 728 1727 769 Chalciopei
1749 740 1875 762 nomen
1897 732 1929 762 in
1952 733 2042 763 hune

255 789 389 815 coetum
413 793 480 813 non
503 788 596 813 recte
620 783 820 813 arcessitum
844 793 930 820 esse,
955 801 996 804 —
1017 783 1051 812 id
1074 784 1167 821 quod
1191 783 1258 813 iam
1281 783 1472 823 Bentleyus
1495 784 1527 813 in
1544 784 1760 816 Phalarideis
1783 785 1886 825 (conf.
1910 787 2039 818 versio-

255 848 330 869 nem
354 837 593 868 Germanicam
616 837 834 867 VVoldemari
857 837 1033 867 Ribbecki
1056 837 1122 866 mei
1144 847 1175 876 p.
1201 838 1258 868 101
1285 838 1347 877 sq.)
1372 837 1565 877 suspicatus
1586 844 1649 878 est⁷
1673 849 1748 869 cum
1765 840 1911 870 alterum
1926 847 2041 872 utrum

256 898 397 926 tantum,
422 896 481 922 aut
504 891 738 921 Emmenidem
762 897 821 922 aut
846 891 1100 931 Chalciopeum,
1124 892 1258 922 admitti
1280 902 1385 932 posse
1409 893 1500 929 dicit,
1525 912 1565 915 —
1580 904 1668 924 nunc
1691 904 1836 933 prorsus
1859 895 2040 926 manifesto

254 946 418 977 evincitur
452 946 594 985 pulchra
629 947 779 985 quadam
814 946 853 978 O.
880 946 1046 983 MueHeri,
1082 946 1203 978 Orch.‘-'
1235 958 1267 987 p.
1294 948 1355 978 322
1390 952 1478 978 extr.
1506 948 1759 980 observatione.
1804 948 1838 978 Is
1863 950 1930 979 duo
1954 951 2041 981 haec

255 1001 390 1031 nomina
413 1001 610 1031 Telemachi
635 1006 668 1031 et
691 1001 915 1031 Emmenidae
938 1002 971 1031 in
994 999 1258 1041 “loquentium'',
1291 1012 1381 1042 quae
1405 1002 1572 1037 dicuntur,
1601 1003 1774 1033 nominum
1797 1014 1940 1034 numero
1965 1014 2042 1036 esse

250 1055 428 1090 intellexit,
463 1066 552 1096 quae
583 1056 627 1085 ad
658 1055 729 1085 fata
760 1061 794 1086 et
816 1066 932 1086 mores
954 1056 1137 1091 hominum,
1173 1067 1318 1096 quorum
1342 1056 1417 1096 sint⁷
1453 1057 1688 1096 exprimenda,
1721 1056 1803 1088 ficta
1825 1058 1906 1088 sint:
1941 1058 2040 1089 Tele·

251 1111 407 1140 maehum
442 1111 545 1150 igitur
579 1121 656 1140 eum
679 1120 765 1145 esse,
798 1111 855 1150 qui
891 1121 909 1141 e
946 1111 1141 1150 longinquis
1174 1111 1365 1151 longinqua
1387 1112 1536 1151 petierit,
1571 1113 1664 1151 quod
1692 1112 1725 1142 in
1757 1112 1925 1143 Theronis
1947 1118 2041 1143 certe

253 1170 433 1195 stemmate
457 1170 490 1195 et
516 1165 549 1195 in
564 1165 715 1204 priorem
739 1170 773 1196 et
793 1166 825 1195 in
848 1166 1077 1205 posteriorem
1102 1166 1346 1196 Telemachum
1368 1166 1475 1206 cadit3
1506 1166 1741 1197 Emmeniclem
1758 1177 1842 1198 vero
1868 1177 1953 1205 eum.
1984 1167 2042 1207 qui

250 1229 325 1249 cum
342 1220 529 1250 Penatibus
552 1220 585 1249 in
608 1230 698 1249 nova
720 1220 833 1259 patria
856 1221 901 1250 ad
924 1221 1130 1251 manendum
1148 1220 1350 1252 consederit.
1385 1220 1549 1260 Sequitur
1566 1221 1678 1261 igitur,
1696 1226 1732 1251 ut
1747 1226 1827 1252 ante
1842 1221 2040 1252 Theronem

250 1273 437 1314 Agrigenti
459 1280 530 1305 tres
547 1275 619 1305 eius
641 1275 763 1314 proavi
787 1275 955 1306 numerati
979 1275 1054 1311 sint,
1078 1276 1112 1305 id
1134 1281 1185 1306 est
1202 1281 1272 1305 tres
1295 1280 1427 1306 aetates
1450 1285 1552 1305 unum
1577 1277 1751 1306 saeculum
1776 1277 1966 1315 explentes.
2001 1276 2041 1306 Id

248 1328 436 1358 luculenter
469 1329 543 1368 ipse
567 1329 735 1359 Pindarus
759 1340 798 1359 eo
823 1330 900 1359 loco
924 1329 1101 1360 confirmat
1126 1331 1183 1360 ubi
1215 1332 1335 1360 urbem
1359 1331 1592 1370 Agrigentum
1626 1331 1716 1361 intra
1749 1336 1885 1361 centum
1919 1341 2039 1370 annos,

252 1382 284 1411 id
319 1387 371 1412 est
404 1383 566 1422 quamdiu
590 1384 722 1414 steterit
745 1385 892 1425 omnino,
927 1385 1215 1424 praestantiorem
1249 1385 1358 1415 civem
1380 1385 1506 1415 nullum
1530 1395 1633 1425 quam
1658 1385 1852 1415 Theronem
1875 1385 2040 1425 genuisse

250 1437 433 1476 gloriatum
456 1438 507 1469 Ol.
531 1438 572 1477 H,
600 1440 671 1469 lO2:
701 1442 803 1471 τεκεῖν
827 1440 866 1478 μή
889 1439 945 1471 τιν’
970 1441 1084 1472 ἑκατόν
1107 1451 1142 1477 γε
1165 1441 1264 1471 ἐτέων
1287 1441 1379 1471 πόλιν
1401 1440 1413 1480 Η
1436 1440 1542 1479 φίλοις
1566 1439 1668 1479 ἄνδρα
1693 1441 1813 1478 μᾶλλον
1835 1439 1847 1480 Η
1870 1440 2041 1478 εὐεργέταν

249 1492 403 1529 πραπίσιν
426 1492 668 1532 ἀφθονέστερόν
684 1505 716 1525 τε
740 1494 817 1532 χέρα
840 1494 851 1534 ΙΙ
875 1495 1039 1533 Θήρωνος.

251 1645 298 1675 20.
336 1644 492 1675 Duorum
505 1646 538 1675 in
559 1651 740 1677 stemmate
752 1647 1039 1678 Telemachorum
1054 1648 1276 1688 homonymia
1295 1648 1327 1678 in
1341 1658 1464 1678 caussa
1480 1647 1552 1689 fuit,
1568 1654 1612 1693 ¹ut
1631 1648 1811 1679 duodecim
1828 1658 2039 1688 proavorum

250 1699 389 1728 nomina
402 1699 654 1732 interciderent.
692 1700 806 1731 Locus
822 1702 855 1731 in
873 1702 1012 1732 scholiis
1035 1702 1093 1743 (ad
1106 1702 1158 1734 Ol.
1171 1703 1213 1739 Π,
1237 1704 1276 1734 82
1291 1713 1322 1742 p.
1340 1702 1403 1742 72),
1420 1703 1452 1733 in
1469 1714 1536 1743 quo
1553 1705 1734 1733 amborum
1751 1703 2038 1734 Teleznachorum

426 1755 591 1784 memoria
615 1755 647 1784 in
671 1766 772 1785 unum
799 1756 948 1786 conflata
972 1763 1034 1791 est,
1057 1758 1297 1797 supplemento
1320 1757 1408 1788 inter
1431 1757 1642 1797 geminatum
1666 1757 1864 1788 Telemachi

881 1820 1006 1841 nomen
1029 1811 1235 1851 interposito
1256 1817 1405 1843 sanatur.

400 1899 472 1930 Iam
496 1900 522 1930 si
548 1910 675 1936 eorum,
699 1912 788 1941 quae
812 1912 918 1942 supra
942 1903 1200 1943 disputavimu5‚
1235 1914 1367 1934 summa
1390 1905 1561 1944 quaedam
1588 1904 1786 1944 colligenda
1816 1904 1868 1939 sit,
1903 1903 2038 1934 duabus

250 1954 478 1993 potissumum
491 1956 594 1985 rebus
610 1966 751 1995 operam
774 1957 944 1988 dedimus:
963 1958 1109 1998 primum
1128 1970 1145 1989 e
1162 1959 1200 1990 27
1224 1959 1396 1989 aetatibus
1410 1970 1430 1989 a
1443 1958 1573 1989 Cadmo
1589 1959 1633 1989 ad
1647 1959 1842 1989 Theronem
1857 1958 2038 1988 duodecim

251 2009 378 2047 primas
404 2010 473 2040 suis
495 2020 770 2050 unamquamque
793 2013 935 2042 heroum
952 2013 1144 2043 nominibus
1167 2014 1409 2052 instruximus3
1436 2013 1561 2043 deinde
1577 2018 1647 2043 tres
1669 2018 1872 2052 postremas,
1895 2011 2038 2043 novissi-

252 2073 342 2094 mum
366 2069 444 2094 ante
460 2064 655 2095 Theronem
679 2076 815 2105 agmen,
836 2067 868 2096 in
894 2068 1084 2098 clarissima
1106 2069 1180 2099 luce
1205 2069 1392 2098 collocatas
1416 2068 1570 2099 vidimus.
1612 2067 1804 2107 Supersunt
1827 2067 1931 2107 igitur
1954 2067 2037 2097 duo-

251 2118 360 2148 decim
397 2124 531 2149 aetates
565 2120 620 2149 vel
651 2126 815 2159 quattuor
852 2123 998 2160 saecula,
1034 2133 1123 2162 quae
1145 2123 1286 2153 Rhodia
1319 2123 1376 2153 illa
1399 2123 1470 2153 eius
1495 2123 1609 2163 gentis
1633 2122 1902 2153 commoratione
1937 2122 2037 2151 absu-

251 2179 394 2208 muntur,
430 2173 525 2204 cuius
548 2174 581 2204 in
604 2175 798 2206 universum
823 2177 990 2207 memoria
1013 2178 1083 2207 alto
1107 2178 1241 2209 silentio
1265 2178 1440 2217 premitur.
1484 2177 1598 2208 Unum
1624 2177 1735 2207 solum
1768 2181 1920 2207 constat:
1948 2176 2037 2205 hane

253 2226 417 2258 scientiae
450 2233 592 2258 nostrae
624 2229 780 2260 lacunam
819 2230 969 2261 incidere
991 2232 1090 2268 „inter
1124 2233 1268 2263 duorum
1301 2232 1586 2263 Telemachorum
1621 2231 1771 2272 nomina,
1814 2230 1947 2270 prioris,
1980 2229 2037 2269 qui

251 2281 417 2312 Rhodum
440 2283 619 2324 concessit,
644 2290 677 2315 et
701 2285 914 2324 posterioris,
949 2287 1006 2326 qui
1034 2297 1109 2317 cum
1132 2287 1262 2318 Rhodo
1291 2287 1404 2327 patria
1426 2286 1662 2327 Agrigentum
1687 2285 1919 2316 commutavit.
1964 2284 2037 2314 Iam

252 2346 335 2366 vero
358 2342 416 2367 aut
438 2347 582 2377 prorsus
605 2339 761 2376 fallimur,
788 2346 845 2371 aut
868 2342 953 2371 haec
976 2341 1051 2381 ipsa
1066 2343 1241 2372 nominum
1265 2341 1458 2381 aequalitas
1482 2341 1514 2371 in
1537 2351 1662 2371 caussa
1678 2339 1749 2375 fuit,
1775 2345 1811 2369 ut
1828 2339 1942 2369 onmia
1965 2338 2038 2368 eius

253 2392 443 2422 stemmatis
459 2392 605 2433 nomina,
627 2404 715 2433 quae
732 2394 764 2423 in
786 2395 900 2425 medio
917 2396 1029 2435 posita
1052 2397 1195 2436 fuerant⁷
1219 2398 1470 2428 interciderent.
1496 2396 1683 2427 Facillume
1710 2395 1798 2426 enim
1820 2392 2035 2434 grammatici
