2196 3006
1025 271 1075 300 IV

160 372 227 411 leg.
250 370 373 408 §.1152
401 369 450 399 καὶ
473 367 547 404 τοὺς
571 366 688 404 ὅρκους
712 364 816 395 αὐτῶν
840 363 993 400 ἀνέγνων,
1027 363 1061 393 ἐν
1091 361 1141 399 οἷς
1172 362 1307 399 ἔνορκον
1339 362 1377 399 ἦν
1405 363 1474 400 τοῖς
1498 361 1643 400 ἀρχαίοις
1675 361 1829 400 μηδεμίαν
1857 362 1952 393 πόλιν

161 427 225 456 τῶν
250 423 520 462 Ἀμφικτυονίδων
551 420 732 451 ἀνάστατον
760 418 914 455 ποιήσειν,
943 417 1008 455 μήτ’
1039 416 1163 447 ὑδάτων
1196 416 1390 453 ναματιαίων
1420 416 1589 454 εἴρξεινκ..
1617 417 1674 447 ἐὰν
1704 417 1739 447 δέ
1767 426 1815 453 τις
1850 417 1951 446 ταῦτα

161 481 298 518 παραβῇ,
322 476 530 515 στρατεύσειν
558 475 606 505 ἐπὶ
633 476 757 504 τοῦτον.
803 472 858 501 De
882 470 1034 510 tropaeis
1066 470 1187 500 Cicero
1227 470 1270 500 de
1305 470 1434 500 Invent.
1462 470 1503 505 ΙΙ,
1541 471 1588 509 23,
1615 470 1669 501 69:
1696 470 1778 499 Cum
1806 468 1958 499 Thebani

160 529 439 563 Lacedaemonios
461 529 541 559 bello
562 528 784 568 superasse-ns,
802 534 996 557 ...aeneum
1020 525 1214 553 sfalm'rmlf
1235 526 1415 563 [raparum.
1460 523 1677 553 Accusanlur
1699 523 1792 564 apud
1811 522 1951 564 Amphi-

164 589 305 620 ctwnas,
328 584 367 614 z'cl
385 586 441 619 est,
465 582 556 623 apud
575 590 746 611 commune
772 578 935 609 Graeciae
957 576 1147 608 concilium.

162 727 190 757 2.
233 724 379 764 Delphis
401 727 481 752 nata
504 727 556 752 est
585 721 816 760 pulcherrima
838 719 954 758 imago
979 719 1077 748 unius
1091 717 1247 749 Helladis
1270 719 1455 748 multorum
1478 718 1626 749 filiorum
1650 720 1781 751 matris.
1811 720 1954 760 Pyladis

381 786 566 817 personam
589 774 790 815 allegoriam
814 784 891 804 esse
923 778 1061 803 mutuae
1084 772 1292 812 Pylaeorum
1316 772 1522 812 populorum
1545 773 1724 805 amicitiae.

310 869 379 900 Sed
403 868 540 907 longius
577 866 679 896 etiam
713 865 891 905 progressi
926 869 1003 894 sunt
1026 863 1281 903 prudentissimi
1315 863 1361 893 illi
1386 864 1440 894 dei
1464 864 1626 904 Delphici
1647 865 1807 905 ministri,
1829 865 1953 905 quibus

162 924 279 954 Hosiis
294 933 416 953 nomen
433 922 504 958 fuit,
529 921 655 960 quique
673 930 692 949 a
711 919 924 950 Deucalione
941 918 1110 956 originem
1126 918 1347 956 repetebant;
1373 917 1588 955 Plutarchus,
1615 918 1757 958 Quaest.
1775 917 1900 950 Graec.
1917 919 1950 950 9:

161 979 255 1010 πέντε
284 978 318 1009 δέ
347 977 425 1008 εἰσιν
453 976 559 1007 Ὅσιοι
588 976 638 1006 διὰ
662 975 738 1013 βίου,
767 974 818 1004 καὶ
846 974 885 1004 τὰ
909 973 1013 1004 πολλὰ
1036 973 1113 1010 μετὰ
1135 974 1200 1003 τῶν
1222 974 1400 1010 προφητῶν
1424 974 1543 1010 δρῶσιν
1567 972 1664 1008 οὗτοι,
1693 973 1743 1004 καὶ
1767 981 1953 1012 συνιερουρ-

161 1035 281 1070 γοῦσιν,
314 1031 370 1062 ἅτε
399 1031 567 1068 γεγονέναι
598 1031 770 1067 δοκοῦντες
800 1028 862 1059 ἀπὸ
891 1028 1128 1065 Δευκαλίωνος.
1174 1026 1214 1056 Ei
1245 1026 1350 1065 igitur
1380 1026 1490 1056 maius
1521 1027 1605 1066 quid
1629 1027 1739 1057 adnisi
1763 1031 1854 1058 sunt:
1883 1037 1952 1058 non

162 1086 407 1123 tantummodo,
432 1090 467 1115 ut
489 1085 582 1114 bella
604 1084 754 1123 populos
777 1082 972 1112 humaniter
994 1091 1126 1121 gerere,
1151 1082 1213 1111 sed
1236 1086 1272 1110 ut
1296 1081 1412 1111 odium
1428 1081 1539 1120 ipsum
1563 1081 1678 1111 odisse
1700 1082 1804 1111 rudes
1825 1081 1901 1112 illos
1918 1085 1952 1112 et

161 1140 381 1178 incorruptos
405 1138 592 1178 discipulos
615 1143 719 1177 atque
742 1142 860 1167 mutuo
885 1137 972 1166 inter
996 1146 1033 1165 se
1057 1136 1202 1176 diligere
1226 1136 1419 1166 edocerent.
1462 1135 1584 1175 Itaque
1607 1141 1688 1166 tunc
1709 1136 1857 1175 primurn
1880 1136 1955 1175 pul-

160 1194 364 1224 cherrimum
387 1193 469 1223 illud
494 1203 537 1222 ex
567 1193 673 1232 adyto
696 1191 868 1231 Delphico
895 1196 1118 1230 praeceptum
1144 1189 1288 1229 prodiit:
1315 1189 1509 1220 Germanos
1533 1190 1658 1221 fratres
1682 1199 1759 1220 esse
1785 1188 1954 1221 Graeciae

163 1248 320 1286 populos,
346 1247 444 1277 unius
461 1247 572 1277 almae
597 1246 886 1285 venerandaeque
910 1245 1028 1275 matris
1051 1244 1148 1275 filios.
1172 1244 1267 1274 Tunc
1291 1244 1447 1283 primum,
1470 1249 1651 1275 venustum
1674 1244 1775 1283 dictu⁷
1800 1249 1956 1275 sanctum

159 1301 358 1331 “Helladis’'
391 1311 516 1331 nomen
553 1305 590 1330 ut
626 1300 762 1340 patriae
797 1299 986 1330 communis
1021 1300 1064 1329 ad
1095 1308 1196 1328 aures
1219 1299 1312 1329 laeto
1343 1299 1488 1328 horrore
1522 1299 1731 1339 stupentium
1766 1299 1890 1329 accidit
1922 1304 1957 1330 et

160 1350 386 1386 “Hellenum”
409 1365 534 1386 nomen
558 1355 774 1395 divolgatum
798 1359 860 1389 est,
897 1355 990 1393 quod
1015 1363 1082 1383 non
1105 1353 1303 1387 Dorienses,
1340 1363 1408 1383 non
1437 1353 1547 1389 Iones,
1584 1363 1653 1383 non
1681 1354 1855 1391 Achaeos⁷
1892 1354 1954 1384 sed

162 1420 281 1440 omnes
297 1420 364 1439 una
386 1409 540 1440 Graecos
555 1415 592 1439 ut
606 1409 703 1439 unius
719 1408 870 1438 familiae
895 1408 1171 1447 consanguineos
1192 1408 1510 1446 comprehenderet.
1547 1407 1625 1438 Hoc
1642 1413 1875 1447 praeceptum,
1897 1409 1956 1448 qui

164 1469 239 1494 erat
264 1464 399 1494 illorum
423 1469 619 1504 temporum
639 1474 722 1499 mos,
746 1473 817 1493 non
841 1463 924 1493 scite
954 1463 1156 1493 disserendo
1179 1462 1385 1492 inculcatum
1410 1467 1473 1497 est,
1497 1463 1558 1492 sed
1583 1462 1738 1492 dulcibus
1762 1462 1956 1493 fabularum

161 1518 347 1548 involucris
374 1518 583 1548 instillatum.
628 1518 770 1558 Pyladis
794 1517 911 1557 imago
935 1527 1047 1547 nonne
1080 1517 1187 1556 ipsius
1217 1516 1387 1546 amicitiae
1417 1517 1515 1555 quasi
1542 1516 1672 1558 vicaria
1700 1517 1776 1547 est?
1832 1517 1866 1547 Is
1894 1527 1957 1557 per

161 1577 269 1603 totam
291 1572 396 1603 vitam
419 1572 501 1602 nihil
525 1572 617 1602 aliud
640 1582 742 1612 quam
765 1572 865 1602 amici
889 1582 1077 1611 personam
1101 1571 1243 1602 obtinet.
1288 1570 1336 1600 At
1358 1571 1509 1611 Pylades
1529 1581 1640 1602 nonne
1663 1576 1778 1601 tantus
1807 1576 1955 1611 quantus

161 1626 353 1666 Delphicus
377 1628 448 1657 est?
474 1637 587 1658 nonne
610 1627 856 1667 Delphicarum
880 1627 1085 1666 religionum
1107 1626 1257 1656 medulla
1279 1626 1382 1666 plane
1406 1625 1576 1656 nutritus?
1612 1625 1765 1665 Pylades
1781 1627 1885 1657 heros
1902 1632 1956 1657 est

163 1691 353 1721 eponymus
369 1681 664 1721 Amphictyoniae
690 1681 853 1721 Pylaeae‚
876 1681 1165 1720 quemadmodum
1191 1680 1335 1720 egregie
1360 1680 1474 1710 docuit
1498 1679 1538 1711 O.
1561 1679 1708 1710 Mueller
1725 1680 1770 1710 ad
1788 1680 1957 1721 Aeschyli

161 1735 368 1765 Eumenides
390 1745 422 1774 p.
449 1736 516 1766 131.
563 1735 668 1766 Pater
692 1735 763 1766 eius
787 1735 980 1775 Strophius,
1005 1735 1024 1766 i.
1048 1746 1076 1765 e.
1101 1735 1321 1769 Vortumnus‚
1357 1734 1439 1774 quid
1464 1744 1593 1774 quaeso
1618 1734 1709 1764 aliud
1740 1745 1844 1774 quam
1872 1735 1956 1765 Am-

161 1789 384 1829 phictyonum
406 1789 550 1820 concilia
566 1790 750 1829 quotannis
767 1790 980 1820 recurrentia
1003 1789 1149 1820 indicat?
1173 1790 1294 1829 Itaque
1318 1791 1383 1820 hac
1404 1789 1558 1829 Pyladis,
1582 1789 1773 1819 certissumi
1797 1790 1831 1819 in
1853 1791 1957 1821 rebus

163 1843 275 1873 dubiis
299 1844 406 1879 amici,
439 1844 554 1883 specie
592 1845 650 1874 illa
683 1843 769 1874 fides
792 1845 992 1879 illustratur,
1027 1854 1128 1884 quam
1163 1844 1320 1874 omnibus
1356 1843 1649 1884 Amphictyoniae
1683 1843 1822 1883 populis
1854 1844 1958 1875 sociis

162 1897 322 1937 Delphici
346 1897 520 1937 Apollinis
543 1897 690 1928 ministri
713 1899 919 1938 insculptam
943 1904 977 1929 et
1003 1898 1143 1929 infixam
1167 1899 1336 1939 optabant
1361 1903 1394 1928 et
1416 1899 1657 1938 precabantur.

163 2040 191 2070 3.
216 2039 357 2079 Dogma
376 2039 612 2068 clarissumum
628 2040 670 2069 de
686 2039 842 2070 Hellenis
858 2038 945 2075 filiis,
971 2039 1126 2079 stirpium
1144 2039 1355 2070 Graecarum
1371 2040 1534 2071 heroibus
1551 2040 1740 2080 eponymis,
1764 2039 1958 2080 Delphicos

303 2094 504 2123 sacerdotes
530 2099 744 2123 commentos
769 2104 845 2124 esse
870 2095 914 2123 ad
937 2102 1086 2124 mentem
1113 2094 1299 2125 fraternam
1328 2095 1360 2124 in
1383 2095 1522 2134 populis
1545 2094 1764 2125 excitandam
1787 2099 1821 2125 et

907 2149 1210 2180 corroborandam.

262 2238 333 2270 Sed
355 2240 419 2270 hac
445 2239 563 2270 fabula
586 2250 736 2279 procusa
757 2242 908 2271 nondum
935 2241 1000 2271 sibi
1027 2241 1238 2272 satisfecisse
1257 2241 1320 2271 visi
1344 2246 1421 2271 sunt
1445 2240 1576 2271 mirifici
1600 2241 1646 2271 illi
1664 2241 1790 2271 amoris
1814 2240 1959 2271 fraterni

163 2303 356 2333 praecones
383 2299 416 2324 et
439 2294 587 2333 patroni.
632 2294 741 2324 Immo
767 2296 897 2335 dogma
923 2296 1107 2326 commenti
1133 2301 1220 2334 sunt,
1248 2297 1292 2325 ad
1315 2296 1594 2335 persuadendum
1616 2296 1742 2331 hercle,
1771 2305 1860 2338 quae
1884 2300 1959 2325 erat

163 2347 298 2377 illorum
316 2348 535 2378 saeculorum
552 2349 610 2388 pia
626 2350 838 2388 simplicitas,
856 2351 900 2380 ad
919 2351 1078 2389 symbola
1094 2350 1294 2390 accipienda
1310 2351 1462 2380 nondum
1479 2350 1617 2380 nimium
1634 2350 1777 2387 erudita„
1794 2359 1957 2380 maxume

165 2400 298 2433 efficax.
346 2402 481 2432 Etenim
517 2404 684 2442 dogmata
713 2404 860 2443 plurima
888 2409 922 2434 et
951 2405 1183 2444 pulcherrima
1206 2404 1353 2444 Delphis
1381 2405 1543 2444 viguisse,
1579 2405 1769 2434 luculenter
1804 2409 1958 2441 constan
