2196 3006
1073 293 1110 323 X

199 392 243 421 ab
261 389 423 429 Apolline
448 389 593 418 donatus
612 392 672 417 cst.
696 386 767 416 Iam
783 386 841 425 qui
865 385 1100 425 relinquuntur
1117 384 1196 414 anni
1215 385 1272 415 167
1290 384 1323 414 in
1349 384 1498 424 quinque
1520 385 1707 424 portiones,
1729 395 1819 425 quae
1835 385 1983 425 quinque

202 444 344 484 regibus
378 443 599 482 respondent.
636 440 808 470 distributi
832 441 931 469 unius
954 440 1117 478 cuiusque
1152 438 1276 468 aetatis
1309 439 1457 478 spatium
1481 439 1668 469 ostendunt
1702 449 1865 469 annorum
1894 440 1984 479 33¹l3·

202 498 320 538 Atque
345 508 419 528 eam
442 497 539 526 unius
565 497 677 533 γενεᾶς
702 504 897 524 mensuram
922 494 1122 524 sacerdotes
1145 492 1307 532 Delphici
1329 493 1482 532 ipsarum
1505 493 1692 523 Parcarum
1716 494 1856 524 decreto
1880 499 1985 533 atque

201 553 313 593 sigillo
338 551 499 581 munitam
523 556 556 580 et
580 549 744 579 sancitam
767 548 1024 588 praedicabant.

350 605 420 635 Sed
435 606 501 634 hoc
517 604 724 642 exemplum,
750 612 793 632 ex
809 602 951 641 regibus
966 600 1098 641 Lydiae
1115 601 1367 641 depromptum,
1391 602 1614 641 peregrinum
1637 607 1671 633 et
1688 602 1862 642 singulare
1878 603 1986 634 videri

203 661 322 700 possit.
371 660 491 698 Itaque
514 658 581 688 alia
603 668 691 687 nunc
714 656 875 696 Delphici
899 655 1027 686 oraculi
1058 654 1163 685 effata
1193 655 1499 695 circumspicienda
1522 661 1629 695 erunt,
1652 657 1743 687 unde
1778 657 1811 686 in
1844 656 1987 688 Graecis

202 724 337 755 quoque
359 712 575 754 genealogiis
599 712 690 741 illam
714 710 937 750 computandi
960 710 1129 740 rationem
1152 709 1300 749 Pythiae
1323 710 1524 740 sollemnem
1546 709 1653 741 fuisse
1673 716 1850 751 appareat.
1889 710 1986 742 Cele-

201 768 430 799 bratissimum
455 773 506 797 est
530 765 688 796 Herculis
711 770 931 805 posterorum
954 770 1100 795 stemma
1127 774 1236 803 usque
1260 766 1304 794 ad
1327 764 1474 794 reditum
1496 763 1768 796 Heraclidarum.
1791 765 1986 796 Certamina

203 823 269 857 illa,
293 821 415 862 quibus
438 821 597 851 effectum
621 824 681 860 est,
716 824 753 849 ut
775 819 966 849 Dorienses
999 818 1138 848 tandem
1168 817 1363 848 Heraclidis
1400 818 1543 848 ducibus
1575 818 1854 858 Peloponnesum
1886 830 1984 850 occu-

201 881 332 917 parent,
367 875 513 914 antiquis
545 875 637 904 haud
670 873 771 904 dubie
806 873 1013 903 carminibus
1048 872 1155 912 epicis
1187 878 1348 903 enarrata
1375 878 1483 908 erant,
1516 882 1662 912 quorum
1685 874 1797 904 tenuis
1820 874 1986 905 memoria

200 930 337 969 irrespit
360 930 392 959 in
414 928 586 959 Herodoti
608 928 841 958 narrationem
864 927 923 962 VI,
947 928 987 958 52
1011 927 1079 957 init.
1107 926 1193 957 conf.
1218 927 1257 958 O.
1282 927 1477 963 Mueller,
1512 927 1672 959 Doriens.
1696 928 1736 963 12,
1764 929 1812 959 52.
1856 928 1985 959 Eorum

203 985 388 1015 carminum
411 984 498 1013 haec
521 982 708 1013 communis
732 982 824 1012 fama
846 981 953 1012 fuisse
976 981 1121 1017 videtur,
1144 981 1387 1012 certaminibus
1410 982 1475 1012 illis
1497 982 1635 1021 plenum
1659 987 1693 1012 et
1716 982 1889 1022 integrum
1912 993 1986 1013 sae-

201 1039 311 1069 culum
346 1039 564 1076 absumptum
595 1046 679 1067 esse.
734 1035 867 1066 Primus
902 1035 1110 1075 irrumpendi
1149 1042 1292 1066 conatus
1325 1037 1368 1066 ab
1400 1036 1507 1076 Hyllo
1531 1036 1642 1067 factus
1666 1042 1727 1072 est,
1761 1037 1817 1076 qui
1852 1038 1896 1067 ab
1920 1038 1986 1068 deo

200 1092 371 1131 Delphico
406 1090 710 1122 celebratissimum
746 1091 921 1120 oraculum
944 1096 1138 1130 acceperat,
1173 1091 1266 1130 apud
1290 1090 1453 1130 Apollod.
1478 1091 1520 1125 Π,
1544 1092 1572 1131 S,
1596 1092 1623 1126 2,
1648 1092 1666 1122 3
1690 1096 1878 1122 servatum:
1910 1091 1928 1123 ὁ
1951 1092 1986 1124 δὲ

199 1147 274 1185 θεὸς
298 1146 410 1184 ἔφησε,
433 1145 675 1184 περιμείναντας
707 1146 763 1176 τὸν
793 1145 901 1183 τρίτον
930 1145 1055 1183 καρπὸν
1078 1145 1296 1183 κατέρχεσθαι.
1341 1145 1448 1185 Hyllo
1472 1145 1505 1175 in
1527 1145 1806 1184 Peloponnesum
1829 1145 1988 1185 ingresso

206 1202 343 1231 obviam
359 1200 535 1240 profectus
559 1205 612 1230 est
628 1199 768 1233 Atreus,
788 1209 862 1230 cum
880 1199 955 1229 aliis
970 1199 1149 1235 nonnullis,
1166 1205 1237 1229 tum
1250 1199 1417 1239 Tegeatis
1429 1199 1657 1239 potissumum
1670 1199 1772 1230 sociis
1783 1200 1986 1240 adsumpti&

198 1255 300 1285 Diod.
317 1255 375 1287 IV.
395 1256 448 1285 58:
462 1255 595 1293 Ἀτρεὺς
611 1255 646 1285 δὲ
663 1254 740 1292 μετὰ
756 1254 813 1291 τὴν
831 1253 1020 1293 Εὐρυσθέως
1045 1255 1195 1292 τελευτὴν
1221 1254 1483 1293 καταλαβόμενος
1498 1255 1556 1292 τὴν
1573 1255 1607 1285 ἐν
1631 1254 1796 1293 Μυκήναις
1812 1254 1988 1293 βασιλείαν,

199 1310 249 1340 καὶ
270 1310 534 1348 προσλαβόμενος
559 1308 745 1347 συμμάχους
767 1308 926 1347 Τεγεάτας
951 1309 1001 1339 καί
1030 1319 1119 1348 τινας
1143 1308 1272 1349 ἄλλους,
1295 1308 1457 1347 ἀπήντησε
1485 1310 1552 1347 τοῖς
1576 1308 1805 1347 Ἡρακλείδαις.
1850 1308 1986 1340 Deinde

201 1374 277 1394 cum
301 1364 368 1393 iam
393 1364 436 1393 ad
462 1374 581 1393 manus
606 1364 836 1393 conserendas
858 1363 971 1402 parati
995 1363 1167 1394 exercitus
1191 1369 1331 1399 starent,
1355 1373 1452 1393 more
1477 1373 1593 1393 eorum
1609 1369 1803 1402 temporum
1829 1363 1987 1394 convenit

199 1418 288 1448 inter
312 1419 441 1453 ambos
465 1424 502 1448 ut
524 1419 566 1448 de
590 1418 672 1448 belli
696 1417 833 1448 fortuna
858 1418 981 1448 ducum
1005 1418 1243 1448 monomachia
1271 1418 1425 1448 instituta
1450 1418 1698 1457 experirentur.
1733 1418 1788 1448 Fit
1811 1417 1932 1448 foedus
1953 1418 1988 1448 in

198 1473 284 1503 hanc
308 1473 545 1512 conditionem,
570 1478 606 1502 ut
630 1472 754 1512 Hyllus
785 1472 812 1501 si
836 1472 992 1511 superior
1024 1471 1134 1502 factus
1155 1479 1257 1512 esset,
1295 1472 1539 1512 Peloponneso
1562 1472 1748 1511 potiretur3
1783 1472 1835 1502 sin
1870 1472 1981 1503 victus

199 1533 300 1561 esset,
335 1536 377 1556 ne
412 1527 499 1556 intra
539 1527 760 1556 centesimum
800 1535 924 1555 annum
967 1525 1175 1556 Heraclidae
1213 1526 1246 1556 in
1284 1526 1563 1566 Peloponnesum
1607 1526 1720 1557 redire
1758 1530 1985 1566 temptarent3

199 1581 328 1611 Herod.
349 1581 412 1617 IX,
440 1582 491 1612 26:
516 1581 554 1619 ἢν
578 1582 612 1612 δὲ
631 1580 947 1621 νικηθῇ...ἀπάγειν
975 1582 1032 1619 τὴν
1055 1581 1210 1619 στρατιὴν
1234 1581 1348 1612 ἑκατόν
1377 1591 1411 1612 τε
1439 1581 1537 1613 ἐτέων
1561 1581 1600 1620 μὴ
1625 1583 1759 1620 ζητῆσαι
1789 1581 1927 1612 κάτοδον
1951 1581 1986 1620 ἐς

199 1635 463 1673 Πελοπόννησον.
518 1635 581 1665 His
616 1635 663 1664 ita
697 1635 891 1665 constitutis
927 1645 971 1666 ex
993 1635 1094 1665 Atrei
1128 1635 1282 1666 exercitu
1310 1635 1523 1665 voluntarius
1556 1641 1699 1666 exortus
1729 1640 1782 1666 est
1804 1635 1986 1673 Echemus,

199 1689 332 1729 Aeropi
356 1689 453 1724 filius,
487 1690 721 1729 Tegeatarum
745 1700 817 1725 rex,
853 1690 910 1729 qui
933 1689 1102 1725 Herculis,
1134 1689 1229 1729 Hylli
1252 1689 1371 1729 patris,
1405 1690 1540 1720 nomine
1576 1690 1658 1720 nihil
1682 1689 1868 1720 deterritus
1890 1694 1987 1720 tanta

199 1744 325 1774 virtute
349 1743 511 1783 conflixit,
537 1749 573 1774 ut
597 1744 737 1784 Hyllum
762 1744 944 1776 occideret.
988 1744 1139 1774 Narrant
1162 1745 1248 1774 haec
1271 1746 1364 1784 apud
1386 1744 1605 1775 Herodotum
1628 1744 1693 1784 ipsi
1715 1744 1904 1784 Tegeatae,
1928 1743 1986 1784 qui

199 1797 256 1826 illa
276 1796 417 1827 Echemi
439 1797 565 1827 virtute
589 1797 667 1827 freti
690 1798 803 1828 locum
827 1798 859 1827 in
884 1797 957 1828 acie
978 1808 1139 1828 maxume
1162 1798 1383 1838 conspicuum
1400 1798 1464 1829 sibi
1478 1803 1634 1838 poscunt.
1666 1797 1862 1829 Heraclidis
1883 1798 1988 1838 igitur

199 1851 243 1881 de
266 1861 327 1890 spe
358 1862 417 1881 sua
449 1851 589 1882 deiectis
622 1852 737 1882 occiso
762 1852 867 1892 Hyllo
892 1852 1138 1883 discedendum
1163 1862 1207 1883 ex
1231 1853 1475 1893 Peloponneso
1508 1858 1581 1883 erat
1605 1858 1711 1892 atque
1733 1852 1885 1883 indutiae
1908 1852 1987 1883 illae

200 1905 430 1945 accipiendae.
456 1906 577 1945 quibus
597 1916 639 1936 ne
661 1912 740 1936 ante
765 1906 988 1937 centesimum
1012 1917 1137 1937 annum
1161 1907 1274 1937 redire
1297 1912 1507 1947 temptarent
1531 1907 1816 1947 prohibebantur.

339 2060 367 2089 9.
412 2059 673 2090 Heraclidarum
691 2065 845 2099 stemma,
878 2059 973 2090 initio
998 2060 1140 2100 egregie
1163 2071 1240 2091 cum
1264 2061 1403 2091 indutiis
1426 2061 1630 2091 centenariis
1655 2060 1846 2095 concinens,

428 2119 656 2153 posteaquam
681 2124 757 2144 cum
780 2114 1026 2153 Pelopidarum
1051 2119 1232 2145 stemmate
1255 2119 1491 2154 comparatum
1516 2119 1577 2150 est,
1603 2124 1732 2144 noxam

764 2169 939 2200 contraxit
964 2175 997 2200 et
1021 2169 1072 2200 sui
1095 2169 1257 2200 dissimile
1280 2169 1417 2199 factum.

346 2261 418 2291 Iam
440 2261 526 2291 haec
547 2261 573 2291 si
597 2266 806 2300 reputemus,
824 2261 1048 2292 clarissimum
1065 2266 1131 2292 est:
1154 2261 1188 2291 in
1206 2262 1271 2292 hac
1300 2260 1515 2291 vetutissima
1532 2259 1695 2290 narrandi
1717 2259 1829 2290 forma
1849 2265 1984 2291 centurn

199 2325 306 2345 annos
338 2317 550 2355 respondere
582 2320 742 2346 accurate
779 2316 888 2346 tribus
921 2316 986 2346 illis
1009 2318 1144 2354 γενεαῖς,
1178 2325 1264 2355 quas
1301 2316 1386 2346 deus
1421 2313 1676 2354 significaverat
1700 2314 1829 2345 oraculi
1852 2314 1981 2344 verbis:

199 2370 439 2408 περιμείναντας
472 2370 528 2401 τὸν
561 2371 667 2408 τρίτον
701 2371 823 2409 καρπὸν
857 2371 1075 2409 κατέρχεσθαι.
1131 2370 1316 2409 Excipiunt
1347 2369 1471 2400 deinde
1504 2369 1645 2409 Hyllum
1681 2369 1835 2409 legitimo
1866 2368 1986 2401 ordine

202 2424 404 2459 Cleodaeus,
443 2423 714 2464 Aristomachus,
760 2425 994 2455 Aristomachi
1038 2424 1114 2455 filii:
1158 2425 1329 2455 Temenus
1364 2423 1599 2463 Cresphontes
1630 2422 1883 2458 Aristodemus,
1927 2422 1984 2462 qui
