2221 3038
1079 221 1133 252 lx

195 312 347 344 Eusebio
383 313 435 344 ed.
465 311 626 344 Schoene
658 314 724 344 vol.
755 313 770 344 1
796 323 828 354 p.
851 314 923 350 216,
950 313 1012 345 40¹³
1039 315 1050 348 (
1058 313 1204 351 13-21),
1235 323 1338 353 quem
1370 323 1416 344 ex
1445 313 1656 344 Philochoro
1687 314 1775 344 haec
1800 314 1987 354 sumpsisse

198 367 401 399 Brandisius
422 377 455 408 p.
482 369 518 399 14
542 373 620 408 post
643 368 732 400 med.
754 369 916 400 ostendit.

343 421 415 452 Iam
446 421 551 462 igitur
585 422 630 452 ab
656 422 731 457 hac,
763 432 832 462 qua
867 432 935 453 una
968 428 1066 453 aetas
1099 422 1308 453 tricenorum
1331 431 1499 452 annorum
1527 421 1675 462 ponitur,
1714 420 1912 453 definitione
1940 423 1987 454 ita

193 475 354 516 Delphici
378 480 571 516 temporum
593 476 812 507 ordinatores
835 476 1077 513 discesserunt,
1102 482 1138 507 ut
1161 482 1232 507 tres
1255 481 1390 507 aetates
1413 476 1583 516 integrum
1621 476 1795 507 saeculum
1818 475 1988 508 conficere

195 530 369 561 docerent.
414 529 525 560 Huius
548 530 596 561 rei
621 530 857 561 clarissumum
882 531 1122 561 documentum
1151 540 1195 561 ex
1221 529 1387 560 Herodoti
1411 529 1607 560 narratione
1641 530 1685 561 de
1708 529 1988 561 Mermnadarum

196 590 231 615 et
268 582 386 614 Croesi
423 583 503 614 fatis
542 585 650 624 promi
687 591 812 625 potest.
858 585 979 615 Tradit
1016 584 1226 620 Herodotus,
1262 594 1339 614 cum
1373 583 1570 615 Candaules
1608 584 1795 616 Heraclida
1828 595 1849 615 a
1885 583 1990 626 Gyge

195 637 372 678 armigero
405 637 538 669 nefario
571 639 701 669 scelere
735 639 961 678 interemptus
998 644 1100 678 esset,
1132 638 1309 668 oraculum
1339 638 1502 678 Pythium
1539 638 1647 678 Lydis
1683 638 1988 679 interrogantibus,

195 698 333 724 essetne
356 691 408 722 fas
431 691 569 732 Gygem
592 702 750 732 regnare,
778 693 1013 733 respondisse:
1049 698 1272 733 regnaturum
1295 691 1432 732 Gygen,
1469 693 1530 723 sed
1555 693 1740 733 aliquando
1765 694 1809 724 ab
1831 693 1898 727 illo,
1930 693 1988 733 qui

196 746 337 788 quintus
359 747 448 778 inter
471 747 545 777 eius
568 754 727 787 posteros
752 746 886 778 futurus
911 747 964 782 sit,
986 747 1149 778 ultionem
1172 753 1334 777 exactum
1359 746 1407 777 iri.
1454 745 1583 778 Herod.
1606 746 1630 781 Ι,
1657 747 1710 777 13;
1741 746 1807 777 εἶπε
1831 746 1850 784 ἡ
1874 746 1988 784 Πυθίη,

196 802 244 841 ὼς
262 800 487 841 Ἡρακλείδῃσι
510 801 592 840 τίσις
615 802 680 839 ἥξει
703 802 738 841 ἐς
761 802 818 833 τὸν
841 802 984 839 πέμπτον
1006 802 1170 838 ἀπόγονον
1193 801 1307 838 Γύγεω.
1354 800 1491 831 Deinde
1522 810 1637 840 quom.
1671 807 1708 831 ut
1731 801 1871 838 assolet,
1901 801 1989 831 hanc

196 855 466 886 admonitionem
488 856 520 886 in
543 865 709 896 praesens
732 865 852 886 omnes
877 855 987 887 ventis
1009 855 1204 886 iactandam
1237 855 1469 890 tradidissent,
1504 861 1669 895 quattuor
1693 854 1865 895 principes
1899 853 1988 885 Mer-

198 910 401 941 mnadarum
435 919 611 950 regnasse,
650 908 776 950 Gygen
812 910 910 941 annis
942 910 992 943 38.
1026 909 1150 950 Ardyn
1190 909 1523 949 a.49,Sa‹1yattem
1551 920 1580 941 a.
1608 910 1652 944 12,
1688 909 1868 949 Alyattem
1891 918 1922 940 a.
1949 908 1988 939 57

196 964 340 1004 (Herod.
364 964 388 998 1.
416 965 469 1001 14;
495 965 547 1001 16;
570 965 633 1003 25).
677 964 896 995 Postremum
931 964 1078 1004 denique
1114 963 1282 995 Croesum
1315 964 1359 993 ad
1394 963 1659 1004 gubernandum
1693 963 1891 998 accessisse,
1931 963 1989 1003 qui

196 1028 287 1050 anno
311 1018 408 1057 regni
432 1020 469 1050 14
493 1018 638 1057 (Herod.
662 1018 686 1054 Ι,
709 1019 762 1056 86)
799 1029 819 1048 a
844 1018 935 1058 Cyro
961 1018 1116 1048 devictus
1146 1018 1301 1048 debitum
1323 1017 1402 1048 fatis
1425 1017 1588 1048 tributum
1615 1017 1766 1048 solverit.
1811 1017 1882 1047 Iam
1906 1026 1989 1048 vero

197 1073 363 1105 Croesum
396 1073 495 1103 huius
525 1073 653 1104 oraculi
686 1073 920 1104 immemorem
953 1078 1058 1112 atque
1090 1072 1123 1103 in
1144 1073 1210 1102 hac
1234 1081 1372 1111 quoque
1395 1082 1432 1102 re
1458 1072 1509 1102 sui
1541 1071 1758 1107 simillimum,
1790 1080 1895 1111 quom
1918 1077 1988 1102 tam

197 1126 382 1158 crudeliter
397 1136 507 1167 regno
529 1126 622 1157 avito
639 1136 676 1156 se
692 1131 834 1157 exutum
851 1126 994 1160 videret,
1010 1135 1156 1166 cumque
1178 1126 1211 1156 in
1233 1125 1437 1166 captivitate
1453 1125 1629 1156 liberalius
1646 1136 1667 1156 a
1683 1124 1775 1166 Cyro
1791 1125 1988 1161 haberetur,

196 1181 490 1222 indignabundum
525 1181 569 1211 ad
603 1181 704 1211 deum
730 1180 934 1220 Delphicum
968 1181 1105 1220 legatos
1127 1181 1272 1217 misisse,
1308 1181 1364 1220 qui
1407 1191 1483 1211 curn
1507 1181 1573 1210 deo
1609 1180 1887 1220 expostularent:
1922 1178 1991 1211 Cur

195 1237 335 1267 tandem
358 1235 530 1266 hominem
553 1236 585 1266 in
608 1235 752 1266 aedibus
775 1236 919 1266 deorum
943 1235 1155 1266 exornandis
1177 1236 1326 1266 minume
1348 1236 1462 1266 hercle
1480 1244 1622 1274 parcum
1644 1241 1748 1274 atque
1767 1234 1985 1265 oraculorum

195 1290 290 1322 nutui
318 1291 514 1321 audientem
545 1290 704 1321 hostibus
732 1291 884 1330 praedae
908 1289 979 1320 fieri
1003 1300 1126 1330 passus
1151 1289 1206 1320 sit:
1237 1296 1375 1320 essetne
1399 1290 1465 1319 hoc
1491 1289 1523 1319 in
1547 1298 1643 1319 more
1669 1289 1743 1319 deis
1766 1288 1981 1319 Graecorum

196 1345 342 1386 ingratis
361 1355 440 1376 esse
459 1355 546 1386 erga
568 1346 658 1376 bene
680 1345 877 1376 merentes?
900 1344 1028 1376 Herod.
1051 1344 1074 1378 I.
1091 1344 1145 1376 90:
1169 1344 1196 1376 εί
1219 1344 1422 1383 ἀχαρίστοισι
1445 1343 1546 1382 νόμος
1569 1343 1647 1375 εἶναι
1670 1344 1755 1375 τοῖσι
1771 1341 1988 1381 Ἑλληνικοῖσι

197 1402 312 1436 Θεοῖσι;
349 1406 453 1440 atque
491 1400 590 1430 simul
627 1400 825 1440 compedes,
860 1399 985 1440 quibus
1015 1399 1148 1430 vinctus
1182 1399 1305 1438 fuerat,
1346 1398 1378 1428 in
1411 1398 1529 1438 templi
1572 1398 1686 1428 limine
1721 1397 1800 1438 poni
1838 1397 1986 1432 iussisse,

197 1453 280 1486 Her.
297 1454 317 1486 l.
337 1464 364 1486 s,
387 1455 571 1486 ἐνετέλλετο
595 1455 741 1494 τιθέντας
764 1455 822 1493 τὰς
843 1455 945 1493 πέδας
969 1454 1018 1486 ἐπὶ
1041 1455 1098 1485 τοῦ
1120 1455 1200 1492 νηοῦ
1219 1455 1276 1485 τὸν
1298 1453 1398 1485 οὐδὸν
1422 1453 1565 1491 εἰρωτᾶν.

195 1610 224 1643 8.
268 1610 323 1641 De
346 1610 455 1641 tribus
482 1610 579 1640 annis
596 1609 715 1640 Croesi
741 1619 850 1650 regno
873 1609 1010 1649 gratiae
1038 1617 1123 1648 ergo
1158 1607 1312 1639 adiectis.
1349 1607 1610 1638 Heraclidarum
1636 1607 1669 1637 in
1705 1606 1986 1646 Peloponnesum

520 1664 736 1696 redeuntium
761 1671 921 1704 tempora
943 1663 1132 1703 Delphicos
1155 1663 1308 1694 calculos
1331 1662 1458 1693 eximie
1482 1662 1660 1692 illustrant.

342 1757 522 1788 Adversus
544 1757 631 1788 haec
652 1757 779 1797 probra
803 1756 1013 1795 sacerdotes,
1047 1756 1101 1786 dei
1124 1755 1308 1790 ministros,
1337 1755 1426 1785 hunc
1460 1754 1492 1784 in
1516 1754 1653 1784 modum
1679 1753 1780 1784 docte
1803 1753 1987 1794 periteque

195 1811 408 1843 disseruisse.
444 1810 723 1842 Mermnadarum
745 1811 860 1841 domui
884 1816 1027 1851 propter
1049 1810 1161 1841 scelus
1184 1820 1205 1840 a
1229 1808 1332 1849 Gyge
1355 1808 1544 1839 admissum
1569 1818 1732 1848 supremo
1758 1807 1819 1838 fati
1844 1807 1986 1839 consilio

195 1865 329 1907 Lydiae
355 1875 499 1907 regnum
528 1866 620 1896 haud
649 1866 738 1896 ultra
764 1866 918 1906 quintum
949 1877 970 1897 a
993 1863 1096 1905 Gyge
1119 1874 1356 1896 successorem
1381 1873 1583 1894 concessum
1610 1873 1696 1895 esse.
1742 1862 1800 1893 Ab
1822 1863 1887 1893 hac
1907 1863 1987 1903 lege

195 1923 233 1947 ut
258 1916 496 1948 discederetur
529 1927 572 1948 ne
595 1916 795 1957 Apollinem
819 1918 958 1957 quidem
981 1919 1142 1959 precibus
1165 1919 1234 1950 suis
1262 1929 1283 1949 a
1305 1918 1422 1949 Parcis
1446 1917 1634 1957 impetrare
1657 1917 1821 1957 potuisse.
1853 1917 1985 1948 Herod.

194 1970 221 2011 1,
243 1972 300 2003 91:
323 1972 383 2010 οὐχ
405 1970 474 2010 οἷός
499 1981 532 2003 τε
555 1972 686 2009 ἐγένετο
709 1974 908 2011 παραγαγεῖν
930 1975 1053 2013 μοῖρας.
1109 1973 1234 2014 Unum,
1257 1972 1427 2003 tantillum
1449 1982 1542 2007 sane,
1577 1982 1654 2003 eum
1688 1982 1752 2012 pro
1774 1971 1899 2003 cliente
1923 1981 1985 2002 suo

196 2025 408 2057 eblanditum
429 2035 521 2061 esse;
557 2032 594 2057 ut
625 2025 757 2058 Croeso
793 2034 863 2058 tres
885 2028 963 2058 anni
988 2029 1076 2059 ultra
1098 2028 1250 2068 quinque
1273 2027 1438 2058 aetatium
1461 2027 1609 2067 spatium
1634 2027 1770 2066 gratiae
1802 2036 1888 2066 ergo
1915 2026 1987 2056 adi-

196 2085 370 2115 cerentur:
400 2086 505 2121 atque
526 2081 593 2111 hoc
614 2091 697 2112 sane
721 2081 853 2113 Croeso
878 2082 961 2113 satis
981 2094 1058 2114 esse
1082 2083 1227 2118 debere:
1256 2082 1386 2113 Herod.
1414 2081 1516 2113 ibid:
1543 2081 1625 2112 ὅσον
1648 2081 1676 2112 δ’
1699 2081 1860 2112 ἐνέδωκαν
1883 2080 1986 2115 αὗται,

195 2134 295 2173 ἤνυσέ
318 2144 351 2166 τε
375 2135 426 2166 καὶ
448 2135 622 2174 ἐχαρίσατό
644 2136 688 2167 οἱ·
711 2137 781 2174 τρία
804 2137 865 2175 γὰρ
887 2137 961 2169 ἔτεα
983 2137 1197 2176 ἐπανεβάλετο
1220 2137 1278 2175 τὴν
1296 2136 1442 2175 Σαρδίων
1459 2136 1591 2174 ἅλωσιν,
1614 2136 1664 2167 καὶ
1688 2137 1785 2167 τοῦτο
1799 2135 1986 2167 ἐπιστάσθω

196 2189 334 2228 Κροῖσος
356 2189 402 2228 ὼς
425 2189 563 2228 ὕστερον
585 2192 670 2222 τοῖσι
692 2191 778 2222 ἔτεσι
793 2191 936 2223 τούτοισι
959 2191 1059 2231 ἁλοὺς
1083 2195 1140 2231 τῆς
1161 2192 1380 2231 πεπρωμένης.
1426 2190 1479 2221 Ex
1513 2192 1580 2222 hoc
1613 2200 1792 2231 responso.
1827 2190 1909 2230 quid
1942 2190 1986 2221 de

197 2243 337 2275 calculis
355 2243 610 2284 chronologicis
624 2245 845 2276 sacerdotum
860 2245 1105 2286 Delphicorum
1121 2252 1295 2287 sequatur,
1319 2244 1537 2276 manifestum
1556 2251 1618 2277 est.
1655 2245 1844 2280 Annorum,
1861 2245 1986 2285 quibus

197 2296 426 2329 Mermnadae
447 2304 644 2338 regnarunt,
680 2299 840 2330 universa
874 2310 1006 2331 summa
1033 2308 1086 2332 est
1112 2301 1181 2336 170,
1215 2302 1260 2331 ab
1283 2310 1374 2331 anno
1400 2301 1461 2332 716
1484 2301 1528 2331 ad
1551 2301 1622 2332 546.
1665 2300 1724 2331 Ab
1757 2301 1821 2331 hac
1853 2309 1985 2330 summa

197 2358 268 2384 tres
291 2362 380 2383 nunc
396 2362 504 2383 annos
525 2353 649 2385 deduci
671 2360 821 2394 oportet,
844 2355 970 2395 quibus
992 2363 1131 2396 praeter
1154 2355 1304 2386 fatorum
1331 2355 1472 2386 decreta
1497 2354 1646 2385 Croesus
1662 2361 1804 2394 propter
1819 2354 1984 2394 pietatem

1770 2409 1788 2435 b
