2221 3038
671 708 987 762 RECTOR
1032 707 1133 760 ΕΤ
1171 707 1531 762 SENATVS

394 830 789 869 VNIVERSITATIS
814 830 1141 868 FRIDERICIAE
1171 830 1493 869 GVILELMIAE
1517 830 1809 868 RHENANAE

1012 931 1183 973 lelssvs

1079 1042 1114 1083 S.

204 1174 230 1204 l.
272 1173 445 1214 Apollinis
469 1173 591 1212 religio
616 1173 751 1203 duobus
775 1172 1082 1212 praestantissimis
1105 1173 1277 1203 thesauris
1297 1171 1512 1204 Graecorum
1537 1172 1670 1204 animos
1695 1173 1831 1204 imbuit:
1855 1174 1937 1204 nihil
1960 1181 1997 1205 ut

373 1227 439 1258 iam
462 1226 650 1257 insanabile
674 1233 783 1262 essen
808 1226 932 1256 deinde
955 1232 990 1256 ut
1014 1236 1078 1266 pro
1102 1233 1219 1258 mutuo
1245 1228 1326 1258 odio
1350 1234 1501 1258 mutuum
1527 1237 1680 1258 amorem
1704 1227 1825 1268 populi

918 1280 1043 1312 Graeci
1068 1282 1278 1312 excolerent.

350 1374 486 1405 Nullum
503 1380 555 1405 est
578 1374 610 1404 in
634 1373 724 1404 omni
748 1373 885 1414 generis
905 1373 1043 1403 humani
1067 1373 1210 1404 historia
1233 1374 1365 1404 dulcius
1381 1374 1625 1414 spectaculum,
1648 1383 1751 1414 quarn
1775 1383 1851 1405 eum
1881 1384 1994 1415 popu-

200 1430 269 1460 lum
286 1429 435 1469 aliquem
459 1438 504 1459 ex
525 1427 684 1459 inferiore
700 1428 850 1468 quodam
874 1437 987 1458 rerum
1013 1438 1149 1458 suarum
1176 1430 1289 1468 gradu
1313 1434 1452 1459 strenuo
1475 1428 1597 1459 labore
1621 1434 1654 1459 et
1669 1438 1845 1468 generoso
1867 1429 1994 1459 sudore

199 1483 232 1514 in
258 1483 415 1514 altiorem
439 1484 586 1520 grradum
611 1482 796 1513 enitentem
821 1488 854 1512 et
878 1483 1147 1513 adscendentem
1171 1483 1358 1515 videamus.
1409 1483 1447 1514 Id
1471 1483 1597 1514 facturn
1623 1483 1703 1513 olim
1721 1483 1753 1513 in
1767 1482 1910 1514 Graecis
1933 1487 1996 1519 est,

200 1547 303 1578 quom
322 1538 435 1578 prisca
463 1538 520 1568 illa
536 1547 648 1567 rerum
673 1537 866 1567 divinarum
889 1537 1013 1576 specie.
1038 1547 1106 1576 qua
1128 1544 1274 1568 naturae
1298 1547 1412 1568 rerum
1436 1538 1615 1574 elementa,
1640 1538 1791 1568 hiemem
1815 1542 1996 1577 aestatem,

199 1598 323 1622 ventos
347 1592 472 1629 nubila,
496 1601 558 1631 pro
583 1591 775 1621 numinibus
799 1591 970 1630 colebant,
993 1598 1108 1630 exuta,
1133 1591 1355 1631 Apollineam
1378 1592 1581 1632 religionem
1609 1591 1763 1631 amplexi
1790 1596 1878 1627 sunt,
1903 1601 1994 1632 quae

199 1656 316 1677 veram
348 1647 489 1677 deorum
514 1647 580 1676 vim
614 1653 647 1676 et
683 1653 839 1676 naturam
875 1646 907 1676 in
931 1651 1073 1676 aeterna
1094 1646 1274 1686 sapientia,
1305 1646 1440 1684 iustitia,
1466 1646 1592 1677 virtute
1621 1646 1773 1686 positam
1795 1645 1994 1680 declaravit,

198 1699 414 1741 Quantorum
438 1700 683 1731 beneficiorum
707 1711 796 1731 nova
819 1701 906 1732 haec
929 1701 988 1731 lux
1012 1706 1138 1732 exorta
1162 1700 1239 1731 fons
1263 1708 1298 1731 et
1321 1702 1420 1742 origo
1443 1700 1519 1731 fuit!
1560 1700 1689 1731 Eorum
1716 1710 1804 1731 nunc
1829 1701 1897 1731 duo
1921 1700 1998 1730 sola

199 1756 555 1786 commemorabimus.
588 1755 736 1786 Primum
760 1755 855 1786 notio
879 1756 1010 1795 culpae,
1035 1754 1290 1786 funestissimae
1314 1755 1401 1785 illius
1424 1764 1538 1785 rerum
1561 1755 1788 1784 humanarum
1814 1752 1996 1787 consortis,

197 1816 362 1850 quantum
386 1816 517 1840 mutata
540 1811 608 1840 est!
654 1809 738 1840 Cum
768 1810 799 1840 in
825 1810 940 1850 priore
970 1810 1028 1840 illo
1053 1810 1167 1840 mundi
1192 1810 1312 1840 ordine
1348 1819 1460 1849 neque
1490 1809 1645 1839 medicus
1669 1807 1742 1838 eius
1771 1808 1860 1838 ullus
1883 1816 1997 1847 neque

197 1865 410 1896 medicamen
434 1871 536 1902 esset,
569 1875 714 1904 cumque
737 1865 871 1899 noxius,
904 1865 1014 1895 omnis
1042 1864 1296 1895 misericordiae
1329 1873 1467 1903 expers,
1502 1862 1686 1893 Furiarum
1721 1862 1854 1901 praeda
1883 1860 1998 1892 fieret:

198 1919 371 1959 Apollinis
395 1920 486 1950 dono
510 1920 594 1949 ritus
617 1919 764 1949 hilastici
797 1925 830 1949 et
861 1919 1040 1949 cathartici
1062 1917 1176 1948 traditi
1201 1923 1289 1951 sunt.
1317 1916 1440 1957 quibus
1465 1915 1627 1947 effectum
1651 1922 1712 1951 est,
1752 1922 1788 1946 ut
1812 1915 1893 1946 nihil
1917 1915 1995 1950 iam,

203 1974 296 2013 quod
321 1973 515 2004 humanitus
538 1973 664 2004 homini
690 1973 883 2008 accidisset,
907 1973 1125 2012 implacabile
1149 1977 1183 2002 et
1205 1971 1396 2002 insanabile
1419 1970 1602 2002 videretur.
1637 1969 1783 2001 Orestes
1803 1969 1996 2004 matricida,

201 2027 396 2068 gravissimi
421 2028 569 2058 criminis
593 2037 680 2062 reuS,
716 2026 861 2066 Delphis
884 2034 1052 2067 purgatus
1073 2026 1171 2057 huius
1195 2026 1396 2066 theologiae
1425 2025 1670 2056 lucidissimum
1704 2026 1903 2065 exemplum
1934 2030 1996 2055 est.

199 2081 261 2112 His
287 2081 519 2112 fundamentis
549 2081 647 2112 iactis
671 2081 796 2111 deinde
827 2081 912 2111 alius
936 2081 1074 2121 quidam
1107 2082 1299 2111 animorum
1325 2081 1508 2111 thesaurus
1532 2087 1692 2120 repertus
1716 2086 1821 2120 atque
1848 2078 1998 2119 Delphis

200 2145 361 2166 maxume
386 2136 542 2166 excultus
566 2142 627 2166 est.
667 2136 822 2166 Innatum
849 2142 923 2166 erat
947 2135 1161 2166 Graecorum
1185 2136 1315 2170 animis,
1338 2135 1538 2176 ceteroquin
1563 2134 1703 2165 summis
1726 2141 1871 2165 naturae
1887 2133 1994 2164 fortu-

197 2200 332 2230 naeque
349 2191 488 2220 dotibus
504 2190 643 2226 ornatis,
668 2190 866 2220 intestinum
884 2190 1017 2222 malum.
1043 2190 1074 2220 in
1092 2191 1283 2222 visceribus
1299 2192 1462 2221 haerens:
1489 2189 1670 2225 discordia,
1695 2194 1849 2220 mutuum
1867 2187 1997 2218 odium.

196 2244 283 2275 Huic
306 2254 443 2285 quoque
468 2245 588 2275 morbo
612 2245 750 2277 mederi.
775 2255 852 2275 eum
872 2245 1078 2275 dulcissimis
1101 2245 1170 2276 suis
1193 2245 1487 2276 incantationibus
1514 2253 1676 2274 coercere
1693 2243 1826 2283 Apollo
1851 2248 1995 2273 conatus

193 2306 255 2330 est.
302 2299 452 2329 Primum
487 2299 589 2339 igitur
623 2299 655 2329 in
679 2298 950 2338 Amphictyonia
975 2299 1146 2339 Delphica
1181 2299 1261 2329 belli
1285 2298 1424 2329 omnino
1460 2297 1679 2328 humaniores
1702 2296 1837 2327 formae
1861 2301 1895 2326 et
1919 2295 1994 2326 iura

196 2360 312 2384 mutua
335 2353 522 2384 constituta
545 2360 636 2390 sunt;
659 2354 809 2393 populus
831 2354 919 2384 alter
935 2353 1079 2383 alterum
1103 2364 1145 2383 ne
1171 2363 1216 2383 ex
1233 2353 1374 2384 sedibus
1397 2352 1521 2392 patriis
1545 2351 1755 2391 expelleret;
1782 2351 1814 2381 in
1840 2349 1994 2381 obsidio-

193 2407 294 2439 nibus
317 2418 442 2448 aquam
460 2407 612 2438 obsessis
633 2419 675 2438 ne
693 2407 972 2441 intercluderent:
998 2414 1142 2447 tropaea
1165 2417 1273 2437 aenea
1296 2417 1338 2437 ne
1362 2410 1571 2437 extruerent.
1624 2404 1818 2436 Aeschines
1841 2404 1884 2435 de
1908 2403 1996 2434 falsa
