2196 3006
1104 269 1225 301 XVIII

325 418 370 448 16,
414 415 565 446 Theroni
589 424 664 444 cum
687 413 801 453 gentis
826 422 908 442 suae
931 416 1042 441 ortum
1066 421 1086 441 a
1113 410 1242 442 Cadmo
1266 414 1449 450 repeteret,
1481 410 1515 440 id
1538 410 1764 449 potissumum
1788 411 2005 451 propositum

477 470 591 504 fuisse,
620 474 657 498 ut
680 465 958 507 Anacalypteria
980 465 1216 506 Agrigentina
1238 465 1482 495 Thebanorum
1505 465 1857 505 Anacalypteriorum

529 523 756 563 propaginem
780 531 856 551 esse
880 531 900 550 a
923 520 1063 560 proavis
1087 520 1156 550 suis
1179 520 1333 549 adlatam
1357 518 1598 559 Agrigentinis
1626 521 1800 559 probaret.

419 616 517 646 Nunc
552 624 655 644 unum
690 618 752 648 est,
797 612 891 651 quod
921 616 1023 641 antea
1055 610 1213 650 expediri
1247 615 1394 649 oportet.
1440 611 1591 641 Theroni
1625 612 1713 641 enim
1746 613 1791 641 ad
1824 612 1910 642 haec
1946 612 2061 642 studia

272 670 501 711 genealogica
527 668 721 699 excolenda
741 677 810 696 non
834 666 910 696 sola
931 665 1093 704 voluptas
1118 674 1239 694 caussa
1262 664 1334 696 fuit.
1384 665 1492 695 Immo
1517 665 1608 695 aliud
1632 666 1714 705 quid
1739 667 1938 701 accedebat,
1970 667 2060 697 unde

272 735 380 765 regno
420 730 453 754 et
488 722 709 753 dominationi
747 731 830 751 suae
868 720 1086 760 praeclarum
1118 729 1243 758 reapse
1276 719 1466 749 subsidium
1502 725 1535 749 et
1569 720 1803 750 adiumentum
1840 730 2058 751 accessurum

274 780 445 819 sperabat.
490 778 566 808 Hoc
590 778 659 807 tale
682 776 753 806 fuit.
800 774 968 805 Theronis
993 784 1083 814 gens
1107 774 1134 804 si
1157 783 1195 803 re
1218 784 1302 804 vera
1325 773 1456 804 Thebis
1480 775 1623 804 oriunda
1646 775 1856 811 crederetur,
1884 775 1958 806 fieri
1980 785 2060 815 pro-

272 833 363 864 fecto
386 843 453 863 non
475 832 596 872 potuit⁷
619 831 699 871 quin
722 829 936 860 sanctissima
960 834 994 859 et
1015 828 1202 859 festissima
1224 828 1316 867 apud
1339 828 1593 868 Agrigentinos
1619 828 1753 860 Cereris
1778 834 1812 860 et
1828 829 2060 869 Proserpinae

273 888 457 922 sollemnia,
492 885 773 925 Anacalypteria,
806 894 874 914 una
909 893 983 914 cum
1007 883 1175 913 Theronis
1207 887 1312 922 gente
1344 893 1389 912 ex
1422 883 1506 913 urbe
1529 883 1738 920 Thebarum,
1768 883 1801 913 in
1839 894 1907 923 qua
1931 884 2061 915 eisdem

272 943 376 973 sacris
399 942 456 971 illa
478 940 615 970 numina
638 939 848 973 colebantur,
873 947 936 977 per
959 937 1072 967 varias
1096 937 1246 967 fatorum
1263 937 1430 977 ambages
1451 936 1686 977 Agrigentum
1711 938 1825 968 delata
1848 938 2056 969 viderentur.

272 996 388 1035 Atque
420 996 486 1025 hoc
514 995 616 1034 plane
651 997 918 1024 consentaneum
953 997 1005 1022 est
1041 1001 1202 1021 maxume
1225 991 1377 1020 Theroni
1410 991 1506 1021 cordi
1531 1002 1607 1022 esse
1632 991 1802 1023 debuisse.
1848 991 1939 1032 Quid
1970 992 2058 1023 enim

271 1049 443 1081 efficacius
464 1050 509 1079 ad
532 1058 676 1088 regnum
700 1048 772 1077 eius
796 1047 1037 1077 stabiliendum
1061 1056 1137 1076 esse
1161 1045 1283 1085 potuit,
1309 1055 1411 1085 quam
1433 1046 1520 1076 haec
1544 1046 1636 1085 apud
1659 1045 1910 1086 Agrigentinos
1945 1047 2061 1086 opinio

270 1109 479 1144 propagata:
514 1103 682 1133 Theronis
716 1112 774 1132 eos
811 1101 951 1141 proavis
974 1100 1319 1140 praestantissumum
1353 1100 1420 1129 hoc
1443 1099 1572 1130 favoris
1597 1106 1630 1130 et
1657 1100 1753 1140 pacis
1776 1101 1911 1131 divinae
1935 1101 2061 1141 pignus

271 1159 407 1194 debere⁷
433 1168 561 1188 summa
584 1157 641 1187 illa
665 1167 770 1189 sacra.
794 1157 826 1186 in
849 1156 972 1195 quibus
994 1154 1229 1195 Agrigentum
1253 1154 1335 1184 urbs
1359 1154 1449 1184 dotis
1481 1156 1557 1185 loco
1581 1155 1811 1194 Proserpinae
1835 1166 1855 1185 a
1877 1155 1961 1186 Iove
1985 1156 2061 1195 ipso

271 1213 400 1242 donata
422 1212 667 1242 celebraretur!
708 1210 762 1240 Ac
786 1211 829 1240 dc
852 1210 1164 1249 Agrigentinorum
1190 1208 1330 1248 quidem
1353 1208 1634 1249 Anacalypteriis
1657 1215 1741 1239 nota
1762 1220 1818 1240 res
1843 1215 1903 1240 est.
1947 1210 2057 1240 Lucu—

270 1267 362 1296 lenta
388 1267 430 1296 de
454 1266 502 1296 eis
528 1265 561 1295 in
583 1272 746 1304 promptu
771 1270 849 1294 sunt
871 1264 1075 1294 testimonia.
1122 1263 1233 1294 Schol.
1259 1263 1356 1293 Pind.
1380 1273 1413 1302 p.
1436 1264 1493 1294 61:
1516 1264 1605 1302 ἱερὸν
1628 1264 1760 1303 οἴκημα]
1786 1264 1834 1295 ὅτι
1857 1265 1903 1303 εἰς
1925 1264 2059 1296 Ἀνακα-

270 1321 424 1358 λυπτήρῑα
459 1320 521 1350 ὑπὸ
555 1322 612 1351 τοῦ
646 1320 728 1357 Διὸς
759 1319 853 1356 ἐδόθη
889 1322 925 1359 τῇ
953 1319 1149 1359 Περσεφόνῃ
1175 1324 1207 1348 et
1238 1318 1280 1349 ib.
1304 1318 1420 1357 paullo
1453 1317 1554 1348 infra:
1584 1319 1635 1349 διὰ
1658 1319 1694 1349 τὸ
1718 1320 1775 1356 τὴν
1797 1319 1996 1357 Ἀκράγαντα
2023 1322 2061 1360 τῇ

270 1374 465 1415 Περσεφόνῃ
500 1374 545 1413 εἰς
576 1375 614 1405 τὰ
635 1374 915 1411 Ἀνακαλυπτήρια
949 1373 1011 1404 ὑπὸ
1044 1375 1101 1404 τοῦ
1137 1373 1219 1410 Διὸς
1238 1375 1379 1409 δοθῆναι.
1425 1372 1523 1402 Idem
1546 1378 1671 1412 postea
1695 1374 1738 1403 de
1764 1373 1923 1404 universa
1946 1373 2061 1404 Sicilia

271 1430 437 1460 creditum
471 1435 539 1459 est:
573 1428 686 1459 Schol.
726 1428 823 1458 Pind.
859 1428 960 1467 Pyth.
985 1427 1065 1466 ΧΠ,
1102 1428 1172 1466 lp.
1197 1428 1256 1457 421
1281 1427 1384 1465 med.;
1423 1426 1474 1458 Ol.
1502 1426 1560 1467 VI.
1600 1428 1657 1458 160
1680 1438 1713 1467 p.
1740 1428 1812 1462 1532
1847 1428 1944 1458 Nem.
1968 1428 1993 1463 I,
2026 1428 2062 1459 16

270 1494 302 1524 p.
325 1484 395 1514 429.
440 1483 494 1513 De
518 1482 801 1522 Thesmophoriis
825 1481 1068 1522 Agrigentinis
1094 1481 1186 1512 conf.
1212 1481 1379 1520 Polyaen.
1413 1480 1520 1512 Strat.
1546 1482 1588 1516 V,
1613 1483 1626 1512 l
1661 1488 1695 1512 et
1718 1482 1860 1522 Preller,
1898 1482 2065 1513 Demeter

272 1538 342 1568 und
368 1538 534 1578 Perseph.
550 1548 581 1577 p.
601 1538 668 1569 177.

418 1593 661 1623 Thebanorum
683 1591 1032 1631 Anacalypteriorum
1066 1591 1231 1621 memoria
1264 1595 1336 1621 tam
1359 1595 1442 1621 nota
1467 1595 1501 1620 et
1523 1591 1700 1621 celebrata
1722 1600 1790 1620 non
1813 1595 1876 1625 est,
1910 1590 1973 1621 sed
1994 1600 2063 1621 uno

272 1653 388 1677 tamen
413 1646 610 1677 testimonio
642 1646 925 1686 locupletissuino
955 1646 1082 1677 nititur.
1129 1645 1359 1685 Euphorionis
1391 1650 1566 1675 servatum
1598 1649 1650 1675 est
1681 1655 1725 1675 ex
1756 1644 1876 1684 ignoto
1913 1644 2064 1675 carmine

271 1701 502 1740 fragmentum
527 1702 617 1740 apud
641 1700 754 1731 Schol.
779 1700 895 1740 Eurip.
923 1700 1053 1730 Phoen.
1079 1701 1139 1730 682
1164 1699 1347 1736 (Meineke‚
1372 1698 1545 1729 Analecta
1568 1697 1758 1729 Alexandr.
1780 1709 1812 1738 p.
1837 1698 1875 1729 87
1898 1701 1967 1738 sq):
1995 1694 2064 1730 ἀλλ’

271 1756 359 1787 οὔπω
385 1756 472 1796 Θήβῃ
496 1756 688 1793 πεπρωμένα
712 1758 798 1786 κεῖτο
822 1755 972 1790 τάλαντα,
1001 1754 1012 1794 ll
1045 1755 1102 1792 τήν
1127 1755 1166 1793 ῥά
1189 1765 1268 1785 ποτε
1295 1754 1448 1792 Κρονίδης
1480 1755 1586 1792 δῶρον
1617 1753 1697 1791 πόρε
1725 1753 1962 1794 Περσεφονείῃ,
1986 1751 1998 1793 Η
2027 1753 2066 1784 ὃν

271 1811 409 1848 γαμέτην
442 1811 495 1841 ὅτε
518 1812 647 1848 πρῶτον
669 1810 905 1848 ὀπωπήσασθαι
929 1810 1057 1848 ἔμελλεν
1080 1809 1091 1849 Η
1113 1810 1283 1848 νυμφιδίου
1317 1808 1464 1846 σπείροιο
1496 1807 1721 1846 παρακλίνασαι
1749 1807 1941 1845 καλύπτρην.
1980 1807 2066 1838 conf.

273 1864 311 1895 O.
336 1864 527 1897 Mueller,
552 1864 675 1895 Orch.·2
705 1874 738 1903 p.
759 1865 819 1894 212
844 1869 877 1894 et
901 1864 971 1894 331.
1016 1863 1114 1894 Haec
1144 1862 1501 1902 Anacalypteriorum
1531 1871 1628 1892 sacra
1662 1862 1754 1901 apud
1778 1861 1962 1891 Thebanos
1983 1861 2067 1891 anti-

271 1919 446 1958 quissuma
469 1918 574 1948 fuisse
597 1919 675 1949 inde
692 1923 847 1958 apparet,
871 1919 963 1957 quod
981 1917 1119 1948 Cereris
1136 1922 1169 1948 et
1185 1917 1415 1956 Proserpinae
1437 1917 1548 1947 cultus
1565 1926 1645 1946 curn
1667 1915 1792 1946 tabulis
1809 1916 1852 1946 de
1869 1915 2065 1946 Thebarum

272 1973 461 2012 originibus
485 1973 674 2003 arctissime
699 1973 868 2003 cohaeret.
913 1972 992 2012 Ipse
1018 1971 1177 2012 Cadmusy
1203 1981 1304 2011 quem
1327 1971 1608 2001 vetustissumum
1646 1970 1763 2010 gentis
1791 1980 1874 2000 suae
1896 1980 2066 2009 proavom

271 2027 410 2057 Theron
434 2026 577 2065 ferebat,
616 2027 647 2056 in
683 2027 803 2057 eadem
834 2037 910 2057 cum
934 2026 1059 2057 Cerere
1093 2027 1189 2064 aede,
1220 2031 1256 2056 ut
1280 2026 1366 2056 deae
1390 2024 1565 2059 sacerdos,
1600 2024 1775 2054 habitarat
1808 2024 1959 2064 itemque
1994 2024 2066 2055 eius

271 2082 415 2121 posteri:
440 2081 540 2111 Paus.
560 2081 623 2120 1X,
653 2082 697 2115 1⁴3,
721 2083 754 2111 ὃς
779 2082 815 2112 τὸ
836 2082 869 2112 δὲ
894 2084 951 2119 τῆς
969 2081 1144 2118 Δήμητρος
1167 2080 1254 2118 ἱερὸν
1277 2082 1334 2117 τῆς
1352 2078 1569 2117 Θεσμοφόρου
1595 2078 1720 2115 Κάδμου
1745 2078 1795 2108 καὶ
1811 2080 1876 2109 τῶν
1893 2077 2066 2115 ἀπογόνων

273 2135 375 2167 οἰκίαν
398 2137 475 2166 ποτὲ
497 2135 574 2166 εἶναι
599 2136 737 2172 λέγουσι.
760 2135 942 2175 Euripides
967 2136 1108 2165 duarum
1138 2135 1278 2165 dearum
1301 2134 1441 2164 Thebas
1464 2133 1583 2162 urbem
1599 2132 1701 2171 plane
1717 2131 1892 2171 propriam
1909 2137 1942 2162 et
1965 2141 2066 2171 pecu-

270 2190 388 2220 liarem
413 2191 504 2228 dicit,
541 2190 617 2221 Eur.
641 2190 768 2221 Phoen.
801 2191 877 2220 683:
906 2189 944 2220 ἂν
973 2189 1093 2229 moins)
1127 2190 1277 2227 διώνυμοι
1313 2188 1390 2226 θεαί,
1412 2186 1423 2227 ΙΙ
1445 2187 1671 2225 Περσέφασσα
1700 2186 1750 2216 καὶ
1779 2186 1856 2224 φίλα
1878 2184 1890 2226 ΙΙ
1913 2185 2066 2224 Δαμάτηρ

273 2244 329 2276 θεά
388 2271 392 2275 .
410 2271 415 2275 ,
435 2271 438 2275 .
457 2245 643 2282 ἐκτήσαντο.
