2221 3038
987 275 1094 306 XXV

156 375 296 407 ditionis
322 375 452 405 socium
483 373 589 403 fuisse
612 371 818 403 carminibus
842 368 1087 400 vetustissimis
1111 366 1274 397 traditum
1307 371 1391 398 erat.
1422 363 1523 403 idque
1549 363 1581 393 in
1605 360 1785 401 Delphicis
1805 370 1943 401 quoque

156 428 324 460 chronicis
357 435 561 468 expressum
586 425 700 460 fuisse,
737 424 875 455 Pindari
899 422 1097 454 testimonio
1130 421 1320 451 luculenter
1343 418 1598 458 comprobatur,
1633 416 1691 456 qui
1715 416 1758 446 de
1780 415 1944 446 heroibus

156 484 202 515 ad
231 483 390 514 Iasonem
423 481 549 512 Iolcum
585 478 837 510 confluentibus
868 478 954 508 haec
977 476 1057 507 dicit
1089 475 1188 515 Pyth.
1219 474 1276 508 lV,
1304 473 1377 504 171:
1411 473 1492 511 τάχα
1517 473 1552 503 δὲ
1578 471 1734 510 Κρονίδαο
1756 469 1863 508 Ζηνὸς
1886 468 1949 501 υἱοὶ

156 540 240 577 τρεῖς
273 535 535 575 ἀκαμαντομάχαι
557 535 568 573 Η
590 534 689 572 ἦλθον
722 529 901 571 Ἀλκμήνας
934 530 962 562 θ’
991 529 1246 570 ἑλικοβλεφάρου
1279 528 1386 566 Λήδας
1420 537 1462 558 τε.
1508 525 1597 556 Hine
1626 524 1856 565 pulcherrima
1892 523 1948 554 illa

157 591 422 624 clarissimarum
447 590 609 619 domuum
633 587 863 627 congruentia
884 592 965 616 nata
988 592 1059 616 est:
1086 585 1098 616 l
1119 583 1297 618 Hercules,
1321 583 1339 612 2
1365 581 1497 621 Hyllus.
1515 582 1534 611 3
1552 580 1755 618 Cleodaeus,
1778 580 1797 610 4
1814 578 1948 609 Aristo·

157 646 308 680 machus.
330 646 350 676 5
368 644 622 677 Aristodemus.
647 642 779 673 Proclis
795 648 829 672 et
848 639 1074 680 Eurysthenis
1097 644 1214 679 pater:
1238 637 1363 668 deinde
1379 636 1412 666 in
1429 635 1704 666 Labdacidarum
1729 633 1832 663 domo
1852 641 1950 672 pror-

157 710 217 731 sus
238 699 499 731 convenienter:
529 700 539 729 l
564 697 760 737 Polynices,
784 697 803 726 2
826 694 1056 730 Thersander,
1081 694 1100 724 3
1123 692 1338 729 Tisamenus,
1362 692 1381 721 4
1405 689 1584 723 Autesion,
1607 690 1625 719 5
1648 688 1793 721 Theras,
1818 685 1950 716 Proclis

157 760 192 786 et
208 753 434 794 Eurysthenis
457 752 663 793 pupillorum
687 757 788 781 tutor.
835 749 931 780 Haec
962 755 1032 778 tarn
1061 747 1241 778 illustrium
1265 745 1431 785 stirpium,
1464 743 1618 784 plurimis
1649 741 1775 772 fabulis
1798 741 1949 771 celebra-

158 814 278 848 tarum,
301 807 501 847 symmetria
535 807 623 836 inter
656 804 878 835 fundamenta
912 802 1070 843 profecto
1107 808 1141 832 et
1164 799 1335 841 principia
1369 797 1619 838 chronologiae
1653 795 1845 836 Delphicae
1879 793 1950 824 fuit.

158 861 256 903 Quae
289 862 316 892 si
351 868 549 901 reputemus
573 860 785 900 aliquantum
807 858 873 888 iam
901 857 984 888 lucri
1007 866 1072 887 nos
1097 855 1223 886 fecisse
1247 854 1477 885 confitendum
1503 853 1575 883 erit.
1620 851 1708 882 Nam
1731 860 1773 881 ea
1796 848 1949 880 Heracli-

158 917 277 948 darum
312 923 345 946 et
380 915 554 956 Polynicis
587 921 805 954 posterorum
836 911 1061 952 congruentia
1097 919 1211 940 nonne
1240 909 1286 939 ita
1311 909 1358 939 uti
1389 907 1516 946 licebit,
1547 912 1584 936 ut
1614 914 1705 946 quae
1738 905 1782 935 de
1810 901 1951 934 alterius

158 969 267 1000 utrius
303 969 412 1009 partis
453 967 680 1007 chronologia
716 973 810 997 certa
850 972 884 996 et
915 965 1098 1005 explorata
1135 965 1211 997 sint.
1250 974 1292 994 ea
1329 961 1509 994 confestim
1551 961 1596 991 ad
1632 960 1778 990 alteram
1811 966 1951 997 quoque

158 1023 346 1055 transferre
370 1022 565 1063 possimus?

158 1177 208 1209 23.
254 1176 538 1217 Argonautarum
567 1180 600 1206 et
626 1175 784 1205 Herculis
815 1174 847 1204 in
877 1183 1010 1204 canone
1040 1173 1212 1213 Delphico
1242 1179 1402 1211 tempora
1429 1170 1573 1211 egregie
1600 1169 1748 1200 illustrat
1775 1173 1952 1209 praestan·

297 1230 458 1261 tissumus
482 1229 620 1260 Pindari
645 1229 742 1259 locus
767 1228 868 1268 Pyth.
894 1228 954 1268 lv,
982 1228 1018 1259 10
1041 1229 1084 1258 de
1110 1226 1329 1268 scpfcndccr'm
1353 1231 1505 1256 aetatum
1528 1225 1709 1255 intervallo
1731 1223 1819 1254 inter

463 1283 678 1324 Euphemum
702 1282 946 1323 Argonautam
973 1289 1006 1313 et
1030 1281 1169 1312 Battum
1194 1281 1405 1322 Cyrenarum
1429 1279 1650 1311 conditorem.

310 1375 365 1406 De
400 1374 558 1405 Herculis
593 1384 676 1404 vero
712 1380 746 1404 et
774 1373 1046 1403 Heraclidarum
1071 1373 1286 1412 temporibus
1310 1373 1438 1404 eximia
1462 1373 1634 1403 Fortunae
1657 1370 1882 1411 benegnitate
1905 1369 1954 1400 ita

160 1435 383 1470 prospectum
407 1435 468 1463 est.
493 1436 529 1458 ut
552 1428 637 1468 quid
661 1428 704 1458 de
727 1427 776 1458 eis
796 1427 829 1457 in
853 1426 1026 1468 Delphico
1051 1427 1224 1458 tabulario
1248 1428 1490 1468 consignatum
1515 1427 1628 1462 fuerit,
1652 1427 1784 1466 optimo
1808 1430 1842 1456 et
1863 1424 1953 1456 lucu-

159 1483 351 1515 lentissimo
384 1490 473 1514 teste
502 1483 602 1513 nobis
637 1481 832 1512 innotuerit.
895 1471 1123 1512 Extat-enim
1157 1482 1253 1512 locus
1284 1482 1600 1522 praestantissimus
1629 1488 1734 1522 atque
1755 1480 1809 1511 his
1832 1479 1954 1511 studiis

160 1537 464 1570 fructuosissumus
491 1539 583 1578 apud
613 1537 808 1572 Pindarum.
831 1537 920 1568 unde
946 1537 1228 1576 Argonautarum
1252 1543 1286 1567 et
1312 1536 1470 1568 Herculis
1508 1536 1728 1576 temporibus
1751 1533 1954 1566 definiendis

160 1593 246 1624 mira
277 1593 336 1623 lux
370 1592 525 1631 affulget.
578 1592 706 1622 Narrat
734 1598 842 1632 poeta
864 1591 896 1622 in
920 1591 1070 1622 carmine
1105 1589 1232 1631 Pythio
1256 1591 1305 1621 IV
1335 1592 1379 1622 de
1403 1590 1551 1622 Medeae
1573 1590 1746 1629 vaticinio,
1779 1589 1873 1629 quod
1897 1588 1955 1618 illa

161 1647 378 1688 Argonautis
403 1647 559 1686 ediderit,
581 1657 656 1677 cum
681 1647 786 1686 gleba
811 1646 935 1682 fatalis,
958 1656 1026 1686 qua
1051 1655 1126 1676 sors
1150 1645 1255 1676 futuri
1277 1646 1309 1676 in
1335 1646 1446 1686 Libya
1471 1652 1504 1677 et
1527 1645 1672 1686 Cyrenis
1695 1644 1792 1685 regni
1816 1648 1954 1684 porten-

162 1702 318 1735 debatur,
352 1701 506 1741 pessimo
538 1701 652 1731 omine
675 1712 694 1731 e
717 1701 796 1731 navi
821 1701 1018 1731 excidisset.
1071 1700 1146 1730 Hoc
1169 1701 1258 1731 enim
1283 1701 1408 1740 pignus
1431 1710 1508 1731 cum
1532 1700 1633 1740 Argo
1656 1699 1754 1730 navis
1776 1708 1821 1729 ex
1844 1697 1955 1738 Libya

161 1756 343 1787 discedens
364 1766 510 1786 ancoras
532 1756 679 1789 tolleret.
706 1755 910 1796 Eurypylus,
946 1755 1049 1785 heros
1078 1755 1122 1785 ibi
1152 1755 1371 1790 domesticus.
1404 1754 1593 1794 Euphemo,
1624 1753 1774 1794 Neptuni
1799 1751 1876 1792 filio,
1899 1751 1954 1782 uni

161 1820 207 1841 ex
232 1810 458 1849 Argonautis,
481 1811 523 1841 do
549 1820 650 1840 manu
669 1810 698 1840 in
717 1820 853 1840 manum
877 1809 1077 1847 tradiderat,
1101 1808 1197 1840 Pind.
1216 1809 1315 1848 Pyth.
1335 1808 1394 1846 IV,
1417 1808 1476 1839 :372
1500 1808 1578 1847 χειρί
1601 1808 1631 1839 οἰ
1654 1806 1729 1846 χεῖρ’
1754 1806 1954 1845 ἀντερείσαις

162 1866 278 1898 δέξατο
299 1866 427 1904 βώλακα
449 1866 627 1902 δαιμονίαν.
656 1865 737 1899 Sed.
762 1865 859 1895 triste
882 1865 986 1902 dictu,
1010 1874 1129 1894 munus
1145 1864 1361 1904 praeclarum
1380 1862 1603 1903 neglegentia
1619 1862 1861 1901 ministrorum,
1878 1870 1954 1892 cum

165 1920 263 1950 navis
294 1919 442 1950 Theram
466 1919 612 1950 insulam
637 1919 973 1959 praeterveheretur,
1002 1925 1183 1949 ventorum
1206 1917 1340 1948 turbine
1365 1917 1478 1948 subito
1503 1923 1628 1948 exorto
1661 1928 1679 1948 e
1703 1916 1781 1947 navi
1806 1916 1837 1947 in
1861 1925 1956 1946 mare

162 1974 345 2005 decussum
376 1980 466 2008 erat:
507 1974 602 2005 Pind.
639 1974 738 2014 Pyth.
769 1973 827 2009 1V,
862 1976 916 2006 40:
946 1974 964 2011 ἠ
991 1973 1051 2010 μάν
1083 1983 1132 2004 νιν
1159 1973 1304 2011 ὤτρυνον
1335 1973 1421 2010 θαμὰ
1443 1972 1455 2011 ΙΙ
1477 1971 1664 2010 λυσιπόνοις
1699 1971 1956 2010 θεραπόντεσσιν

162 2027 312 2066 φυλάξαι·
345 2028 410 2058 τῶν
433 2026 459 2058 δ’
487 2027 643 2058 ἐλάθοντο
670 2028 802 2065 φρένες·
819 2038 831 2065 ,j
857 2027 907 2058 mi
930 2038 988 2059 νυν
1019 2031 1053 2059 έν
1083 2029 1151 2068 τᾷδ’
1175 2027 1315 2066 ἄφθιτον
1338 2027 1432 2068 νάσῳ
1455 2027 1583 2065 κέχυται
1604 2026 1720 2066 Λιβύας
1740 2027 1753 2066 ll
1776 2025 1954 2064 εὐρυχόρου

162 2082 290 2120 σπέρμα
317 2082 390 2120 πρὶν
418 2081 516 2120 ὥρας.
559 2080 657 2121 Quae
691 2082 821 2112 iactura
849 2091 925 2112 cum
949 2092 1068 2113 omnes
1088 2083 1232 2112 horrore
1256 2082 1498 2122 percussisset,
1523 2080 1651 2111 Medea
1676 2079 1861 2111 vaticinata
1886 2085 1953 2110 est:

162 2135 290 2167 Tristia
323 2137 407 2166 haec
439 2145 521 2167 sane
545 2147 631 2170 esse.
667 2137 728 2167 sed
757 2137 907 2166 nondum
930 2137 1131 2176 desperata
1168 2136 1260 2175 illud,
1286 2137 1381 2176 quod
1405 2136 1500 2166 initio
1532 2135 1563 2166 in
1588 2135 1666 2166 fatis
1690 2134 1801 2174 suerit,
1831 2139 1955 2175 quarta

161 2190 206 2221 ab
231 2189 409 2230 Euphemo
432 2190 618 2230 progenies
641 2197 677 2221 ut
699 2191 843 2230 Libyam
866 2198 1060 2231 occuparet.
1085 2189 1157 2221 fieri
1181 2191 1247 2220 iam
1271 2200 1336 2220 non
1361 2200 1477 2230 posse;
1515 2191 1576 2220 sed
1609 2190 1657 2220 ita
1681 2189 1755 2220 deis
1779 2189 1953 2219 immorta-

162 2245 252 2276 libus
275 2244 437 2285 placitum
460 2255 548 2280 esse.
580 2251 616 2275 ut
640 2246 774 2276 decima
804 2246 950 2285 septima
976 2246 1021 2276 ab
1049 2245 1228 2284 Euphemo
1262 2251 1361 2275 aetas
1388 2245 1491 2284 prisci
1521 2244 1611 2275 illius
1638 2243 1793 2284 pignoris
1817 2243 1954 2273 tandem

163 2298 309 2330 fructum
338 2308 451 2330 serum
483 2299 632 2339 quidem.
662 2300 724 2330 sed
755 2299 990 2330 beatissimum
1018 2305 1180 2338 caperet;
1222 2299 1317 2330 Pind.
1346 2298 1448 2339 Pyth.
1481 2298 1540 2333 IV,
1568 2300 1606 2330 6:
1641 2301 1760 2337 χρῆσεν
1789 2297 1955 2335 οἰκιστῆρα

161 2352 285 2385 Βάττον
310 2353 520 2392 καρποφόρου
541 2353 660 2392 Λιβῡας
679 2353 792 2392 ἱερὰνζῖ
807 2355 910 2385 νᾶσον
932 2356 978 2393 ὼς
1001 2354 1061 2391 ἤδη
1085 2354 1188 2385 λιπὼν
1215 2354 1375 2385 κτίσσειεν
1391 2353 1573 2392 εὐάρματον
1586 2353 1598 2392 ΙΙ
1611 2353 1704 2384 πόλιν
1721 2353 1756 2384 ἐν
1777 2352 1956 2391 ἀργινόεντι

161 2410 283 2448 μαστῷ,
314 2410 316 2446 ξ
339 2408 390 2438 καὶ
423 2408 460 2438 τὸ
489 2407 633 2446 Μηδείας
663 2408 742 2446 ἔπος
769 2407 941 2445 ἀγκομίσαι
972 2408 974 2446 Ι
998 2407 1118 2447 ἑβδόμᾳ
1147 2408 1210 2439 σὺν
1238 2409 1290 2439 καὶ
1319 2407 1438 2448 δεκάτᾳ
1467 2409 1562 2447 γενεᾷ
1585 2407 1736 2446 Θήραιον,
1760 2407 1771 2445 Η
1795 2406 1895 2444 Αἰήτα
1917 2405 1955 2436 τό

1749 2460 1765 2487 d
