2196 3006
1058 274 1185 305 XXVI

236 380 314 401 ποτε
349 371 484 408 ζαμενὴς
513 369 525 408 Η
553 372 626 408 παῖς
662 368 834 399 ἀπέπνευσ’
866 367 1029 398 ἀθανάτου
1057 367 1230 405 στόματος.
1286 366 1455 396 Pindarus
1481 366 1585 406 igitur
1618 367 1661 396 ab
1697 365 1840 406 Cyrenis
1868 378 1888 397 a
1914 367 2019 398 Batto

237 424 358 464 οἰκιστῇ
390 424 535 455 conditis
572 424 615 452 ad
640 422 864 461 Euphemum,
898 421 992 450 Batti
1019 426 1167 460 atavom⁷
1205 426 1239 451 et
1270 421 1551 459 Argonautarum
1589 421 1848 460 expeditionem
1885 427 2020 452 aetates

234 477 450 518 seplcndcsl'm
475 482 658 517 computat.

301 632 348 663 24.
393 631 674 670 Argonautarum
700 629 932 669 expeditionis
957 631 1124 669 epocham
1157 629 1214 669 qui
1239 640 1257 658 e
1280 628 1472 668 Delphicae
1496 629 1742 668 chronologiae
1766 629 1957 659 rationibus

345 690 477 715 aetates
499 685 710 714 numerando
735 688 935 722 computare
957 684 1051 718 velit,
1078 683 1106 712 ei
1130 694 1197 713 non
1222 695 1241 714 a
1264 683 1474 723 Cyrenarum
1499 683 1656 714 coloniae
1680 694 1768 713 anno
1792 684 1907 719 natali,

474 739 535 768 sed
558 739 601 768 ab
633 747 734 768 aerae
758 737 951 776 Delphicae
977 748 1067 767 anno
1097 737 1276 777 principali
1300 738 1359 768 582
1387 737 1671 777 proficiscendum
1697 748 1781 768 esse.

385 830 439 859 De
465 828 677 868 Cyrenarum
701 837 720 856 a
743 827 858 863 Batto,
881 827 1095 866 Polymnasti
1118 826 1200 861 filio,
1236 828 1448 858 conditarum
1480 829 1613 868 epocha
1636 839 1724 859 nunc
1740 835 1820 868 post
1841 830 2020 869 egregiam

237 883 384 915 Arnoldi
416 881 583 913 Schaefer
622 881 886 920 disputationem
926 881 958 910 in
990 881 1111 911 Museo
1145 881 1258 912 Rhen.
1284 883 1350 914 vol.
1375 884 1413 913 20
1437 884 1544 922 (1865)
1578 894 1610 923 p.
1633 885 1692 914 294
1725 884 1828 923 plane
1861 890 2021 915 constare

236 938 384 972 videtur3
419 945 528 966 annus
563 940 615 964 est
638 936 697 965 623
721 946 748 966 a.
775 934 850 966 Chr.
886 934 979 965 Dicit
1004 935 1091 965 enim
1115 935 1253 966 Solinus
1280 937 1328 972 27,
1353 938 1391 967 44
1416 947 1448 976 p.
1475 939 1532 968 146
1557 939 1608 968 ed.
1634 938 1842 968 Mommsen:
1868 938 2020 978 Cyrenas

236 1002 324 1023 anno
347 992 407 1022 586
430 996 510 1030 post
533 990 673 1019 Troiam
698 995 834 1028 captam
859 990 1018 1019 conditas
1042 1000 1128 1025 esse,
1153 991 1324 1030 adicitque
1347 993 1453 1022 verba
1476 992 1635 1022 aureola:
1661 991 1754 1031 Quae
1776 992 1893 1022 domus
1918 991 2020 1022 Calli-

236 1045 347 1076 macho
364 1042 577 1085 pocfacsltsl
592 1042 720 1083 pallia.
765 1043 849 1073 Inde
872 1044 1075 1074 rectissume
1099 1043 1267 1075 Schaefer
1290 1046 1440 1085 collegit,
1466 1046 1571 1085 ipsius
1595 1046 1795 1076 Callimachi
1818 1046 1912 1076 illum
1934 1057 2022 1077 com-

236 1105 354 1140 putum
378 1108 463 1129 esse.
507 1098 540 1128 Is
565 1097 653 1127 enim
678 1107 753 1127 cum
778 1097 916 1132 Atticis„
945 1099 1039 1128 Velut
1071 1109 1145 1129 cum
1172 1104 1312 1130 auctore
1334 1100 1515 1130 marmoris
1538 1100 1640 1135 Parii,
1664 1100 1806 1140 Epocha
1821 1102 1870 1140 24,
1894 1101 2021 1132 Troiae

236 1153 406 1184 excidium
429 1153 473 1182 ad
496 1161 623 1181 annum
648 1152 729 1182 1209
752 1162 780 1181 a.
807 1151 883 1182 Chr.
909 1153 1111 1189 rettulerat;
1140 1153 1227 1184 conf.
1251 1153 1408 1188 Brandis,
1444 1156 1486 1184 de
1520 1155 1728 1194 Temporum
1753 1153 1876 1186 Graec.
1898 1160 2020 1186 vetust.

235 1214 296 1240 rat.
320 1219 351 1248 p.
378 1209 423 1239 13.
468 1207 525 1237 Ab
557 1208 623 1237 hoc
654 1217 743 1237 anno
774 1208 852 1238 1209
877 1207 904 1237 si
936 1208 1056 1238 demas
1080 1219 1186 1239 annos
1210 1209 1279 1243 586,
1309 1219 1416 1238 annus
1445 1209 1605 1239 conditae
1630 1208 1841 1249 Cyrenarum
1865 1210 2021 1241 coloniae

236 1263 381 1294 efficitur
397 1263 457 1293 623
476 1273 504 1293 a.
526 1262 603 1292 Chr.
639 1262 710 1291 Iam
728 1272 811 1292 vero
836 1262 1123 1292 reminiscendum
1148 1269 1210 1298 esty
1233 1263 1419 1293 Pindarum
1444 1274 1463 1293 a
1480 1263 1584 1293 Batto
1608 1263 1729 1303 οἰκιστῇ
1745 1265 1790 1293 ad
1806 1263 2021 1303 Euphemum

235 1319 477 1357 Argonautam
501 1316 606 1345 XVII
632 1322 764 1346 aetates
788 1326 998 1351 numerasse,
1022 1327 1111 1356 quae
1135 1317 1232 1347 annis
1255 1317 1314 1348 567
1338 1318 1559 1357 respondent.
1604 1317 1704 1347 Hunc
1727 1318 1830 1357 igitur
1856 1320 2021 1348 annorum

234 1381 410 1401 numerum
434 1370 461 1400 si
478 1370 522 1399 ad
540 1380 663 1399 annum
681 1370 830 1399 natalem
851 1369 1062 1410 Cyrenarum
1080 1371 1279 1410 adiciamus,
1303 1371 1587 1411 Argonautarum
1604 1371 1836 1411 expeditionis
1853 1373 2022 1411 epocham

236 1436 255 1456 e
277 1425 416 1455 Pindari
439 1424 576 1464 quidem
600 1424 738 1454 calculis
761 1426 1012 1464 propemodum
1039 1425 1220 1467 concipere
1242 1425 1358 1455 licebit
1380 1425 1412 1455 in
1433 1436 1557 1455 annum
1583 1426 1662 1457 1190
1685 1436 1705 1455 a
1722 1425 1796 1457 Chr.
1828 1425 1899 1457 Sed
1916 1436 2019 1456 unum

237 1485 297 1515 est,
322 1479 414 1518 quod
438 1479 634 1518 scrupulum
658 1479 701 1507 de
716 1479 781 1508 hoc
806 1488 895 1508 anno
912 1486 1065 1510 moveat.
1110 1479 1212 1509 Initia
1231 1485 1392 1516 aetatum,
1416 1490 1560 1519 quarum
1584 1480 1841 1520 computatione
1860 1480 2021 1520 Delphici

236 1535 433 1564 sacerdotes
466 1538 623 1572 tempora
658 1532 868 1567 ordinarunt,
904 1533 976 1563 sine
1010 1534 1113 1564 dubio
1147 1539 1242 1565 certa
1272 1539 1305 1564 et
1338 1533 1410 1564 fixa
1433 1534 1579 1565 fuerunt.
1622 1535 1744 1574 Itaque
1770 1535 1880 1574 primo
1906 1535 2020 1574 aliquo

235 1588 328 1618 initio
352 1598 438 1627 opus
462 1592 544 1622 erat,
569 1588 659 1617 unde
685 1597 820 1626 semper
844 1587 876 1617 in
899 1589 1114 1618 numerando
1142 1588 1293 1619 exiretur
1320 1594 1352 1619 et
1377 1600 1396 1618 a
1419 1599 1486 1628 quo
1510 1589 1623 1619 omnia
1643 1589 1822 1619 intervalla
1845 1595 2022 1629 computa-

235 1647 360 1673 rentur.
405 1642 479 1672 Tali
509 1652 593 1671 vero
616 1647 756 1681 tamque
780 1642 987 1681 conspicuae
1013 1643 1171 1679 omnium,
1195 1648 1232 1673 ut
1261 1643 1308 1673 ita
1332 1644 1452 1679 dicam,
1482 1645 1691 1683 epocharum
1720 1644 1875 1683 epochae
1899 1644 2021 1674 consti-

234 1696 385 1725 tuendae
416 1706 483 1725 non
518 1696 633 1725 hercle
669 1700 750 1734 apta
789 1701 862 1725 erat
898 1706 964 1731 res,
1000 1706 1088 1736 quae
1122 1697 1201 1727 licet
1233 1698 1465 1728 memorabilis
1488 1690 1588 1733 esset,
1620 1703 1734 1728 tamen
1768 1699 1865 1728 unius
1888 1703 2021 1728 tantum

235 1748 446 1780 Graecorum
469 1749 588 1789 populi
612 1749 683 1779 fata
707 1756 894 1789 spectaret3
920 1750 1023 1780 immo
1048 1750 1176 1781 factum
1199 1750 1339 1790 aliquod
1362 1751 1611 1790 requirebatur,
1635 1752 1728 1790 quod
1753 1751 1897 1780 omnium
1915 1749 2022 1780 Grae-

235 1814 353 1834 corum
376 1809 508 1834 mentes
536 1805 723 1843 oculosque
746 1805 778 1834 in
802 1816 838 1835 se
863 1811 1091 1845 converteret,
1119 1816 1188 1845 quo
1220 1815 1289 1835 non
1321 1806 1546 1835 humanarum
1569 1810 1711 1838 tantum„
1746 1805 1806 1835 sed
1831 1804 2021 1834 divinarum

236 1859 339 1888 etiam
361 1868 473 1888 rerum
501 1868 611 1887 novus
633 1859 720 1888 ordo
744 1859 967 1898 inauguratus
998 1860 1181 1890 videretur.
1226 1859 1382 1893 Accedit,
1407 1865 1443 1889 ut
1468 1859 1656 1898 Delphicos
1679 1865 1873 1898 temporum
1896 1860 2022 1899 guber-

236 1918 377 1942 natores
412 1912 481 1941 tale
504 1913 732 1951 potissumum
755 1912 883 1942 factum
908 1913 1058 1953 elegisse
1081 1914 1246 1944 credibile
1270 1913 1321 1950 sit,
1352 1914 1446 1953 quod
1469 1913 1501 1943 in
1526 1913 1819 1953 Amphictyonum
1844 1913 2022 1943 annalibus

237 1972 270 1997 et
293 1967 325 1996 in
348 1966 520 2005 Apollinis
544 1966 712 2005 religione
735 1977 797 2006 pro
821 1968 935 2006 aliquo
959 1978 1073 1998 rerum
1097 1968 1236 1999 cardine
1258 1968 1413 1998 habitum
1438 1968 1489 2007 sit,
1519 1969 1608 1998 unde
1636 1978 1762 2007 magna
1793 1977 2022 2007 maxumeque

237 2021 396 2051 salutaris
418 2031 530 2050 rerum
553 2021 766 2060 publicarum
791 2027 824 2052 et
840 2022 1052 2061 privatarum
1075 2023 1254 2053 conversio
1275 2028 1398 2053 exorta
1414 2028 1515 2053 esset.
1544 2022 1608 2052 His
1625 2023 1780 2053 omnibus
1798 2022 2021 2053 consideratis

238 2080 272 2104 et
294 2075 482 2114 perpensis⁷
510 2084 601 2113 quae
625 2075 756 2105 animos
779 2076 1093 2106 vetustissimorum
1110 2077 1243 2107 illorum
1267 2077 1515 2116 chronologiae
1532 2077 1630 2116 quasi
1645 2083 1825 2116 parentum
1845 2082 1925 2117 post
1941 2077 2022 2107 belli

238 2128 368 2159 Crisaei
400 2130 520 2159 turbas
556 2130 695 2159 sedatas
719 2139 938 2160 commovere
971 2136 1005 2160 et
1028 2132 1094 2161 huc
1117 2131 1195 2161 illuc
1220 2131 1350 2161 iactare
1374 2131 1577 2169 debuerunt⁷
1608 2132 1690 2170 quid
1718 2141 1847 2171 quaeso
1871 2140 2021 2171 unquam

238 2182 452 2213 verisimilius
476 2188 509 2212 et
532 2183 745 2222 probabilius
765 2184 874 2214 videri
897 2190 1026 2223 potest,
1051 2195 1152 2224 quam
1177 2186 1221 2215 ad
1245 2187 1333 2215 hunc
1364 2186 1467 2215 talem
1490 2190 1629 2225 tamque
1653 2186 1818 2217 illustrem
1841 2186 2021 2216 terminum

242 2236 517 2266 constituendum
546 2237 690 2267 electum
725 2247 801 2267 esse
829 2238 921 2268 illurn
955 2248 1088 2279 annum,
1117 2249 1184 2278 quo
1213 2238 1283 2268 ludi
1314 2239 1428 2278 Pythii
1459 2239 1629 2269 coronarii
1662 2239 1743 2270 facti
1775 2245 1861 2275 sunt,
1897 2249 2021 2269 annum

237 2289 290 2320 Ol.
311 2291 360 2325 49,
383 2292 402 2321 3
426 2305 464 2316 =
489 2292 558 2322 582.
