2221 3038
971 296 1115 327 XXVII

150 462 200 495 25.
245 462 303 493 Ab
327 473 416 494 anno
440 463 596 502 epochae
613 461 803 503 Delphicae
829 463 889 494 582
912 473 942 495 a.
968 461 1046 494 Chr.
1071 461 1160 494 facta
1183 471 1341 502 quaeque
1358 461 1548 492 clarissima
1563 461 1608 492 ad
1625 461 1763 492 Pindari
1784 470 1939 492 normam

234 515 515 555 computantibus
538 515 669 545 numeri
695 515 875 555 elegantes
899 522 932 546 et
955 517 1094 547 rotundi
1118 526 1156 547 se
1179 515 1343 552 offerunt3
1365 515 1606 556 Argonautica
1628 525 1690 546 sex
1712 515 1858 546 saeculis

835 570 973 605 distant.
1003 570 1154 602 Cadmus
1177 573 1254 602 octo.

299 661 398 692 Hunc
432 661 537 701 igitur
571 671 696 692 annum
732 662 794 693 582
822 672 851 692 a.
887 661 965 692 Chr.
990 663 1192 693 sacerdotes
1216 661 1375 703 Delphici
1410 668 1571 702 tanquam
1597 662 1737 702 aliquod
1761 662 1941 693 miliarium

150 725 290 748 aureum
315 715 576 751 constituerunt,
600 726 620 746 a
643 726 713 756 quo
739 726 852 746 rerum
875 723 1054 756 gestarum
1078 716 1343 747 clarissimarum
1366 716 1545 747 intervalla
1567 717 1740 747 aetatibus
1761 726 1942 747 numeran-

150 770 204 802 dis
225 770 434 802 metirentur.
480 771 597 810 Atque
623 771 656 801 id
681 781 763 802 vere
786 781 807 801 a
830 771 932 801 nobis
957 771 1004 801 ita
1019 770 1191 804 contendi.
1215 772 1302 802 haec
1317 781 1456 812 quoque
1479 781 1535 802 res
1555 770 1657 802 fidem
1677 771 1793 802 facere
1815 777 1941 811 potest.

149 825 243 866 quod
275 825 405 856 numeri
442 835 580 865 semper
615 826 736 856 mirum
776 832 940 865 quantum
971 825 1151 864 elegantes
1185 830 1219 854 et
1252 824 1390 854 rotundi
1414 823 1615 860 efficiuntur,
1646 825 1674 854 si
1697 824 1742 854 ab
1766 824 1824 855 illo
1847 824 1941 855 initio

149 879 296 920 profecti
320 879 635 920 antiquissimorum
660 879 825 910 historiae
847 879 1020 920 mythicae
1044 878 1212 910 sactorum
1236 884 1395 918 tempora
1423 884 1670 918 computemus.
1715 877 1818 918 Quod
1841 877 1942 909 facile

149 934 322 974 exemplis
355 935 613 974 comprobatur.
669 934 839 965 Pindarus
875 934 975 974 Pyth.
999 933 1058 968 IV.
1090 934 1125 964 10
1149 933 1383 973 septendecim
1421 939 1556 963 aetates
1579 942 1599 963 a
1622 932 1727 963 Batto
1750 935 1796 974 τῷ
1819 932 1942 973 οἰκιστῇ

149 989 194 1020 ad
210 987 425 1028 Euphemum
438 989 690 1028 Argonautam,
711 1006 743 1010 -
763 988 839 1029 ipso
855 988 1044 1028 Eupheme,
1062 988 1095 1018 id
1112 988 1209 1027 quod
1233 996 1371 1026 semper
1387 986 1562 1018 recordari
1577 992 1727 1026 oportet,
1744 987 1878 1017 secluso
1890 1004 1941 1026 -,

149 1043 409 1083 praeterlapsas
432 1048 588 1073 testatur.
648 1042 706 1073 Eis
742 1042 769 1072 si
805 1052 907 1072 unam
931 1047 1092 1077 aetatem,
1120 1051 1209 1082 quae
1231 1041 1319 1072 inter
1342 1041 1498 1082 Cyrenas
1526 1051 1616 1071 anno
1643 1042 1704 1072 623
1727 1041 1885 1072 conditas
1907 1046 1943 1072 et

149 1106 274 1128 annum
291 1097 480 1137 principem
497 1106 603 1128 aerae
620 1096 815 1136 Delphicae
838 1097 899 1127 582
916 1096 1096 1127 interiecta
1120 1103 1182 1129 est.
1204 1096 1404 1135 adiciamus,
1427 1095 1626 1135 Euphemus
1648 1097 1692 1126 ab
1709 1097 1775 1127 hoc
1796 1095 1941 1126 miliario

150 1160 256 1182 aureo
279 1151 517 1191 duodeviginti
541 1151 714 1182 aetatibus
740 1158 894 1181 remotus
917 1151 990 1184 erit.
1028 1151 1152 1190 quibus
1175 1160 1237 1182 sex
1261 1151 1387 1181 munda
1407 1151 1624 1190 rotundaque
1646 1151 1783 1181 saecula
1801 1160 1942 1190 respon-

149 1205 241 1243 dent,
264 1211 300 1236 ut
322 1206 388 1236 hoc
411 1206 478 1236 iam
502 1205 586 1236 satis
609 1215 698 1236 nunc
722 1204 936 1236 confidenter
957 1205 1180 1245 pronuntiare
1208 1205 1324 1236 liceat:
1359 1205 1642 1245 Argonautarum
1671 1205 1938 1245 expeditionem,

152 1260 278 1291 deinde
301 1259 460 1291 Herculis
483 1270 538 1290 res
572 1266 606 1291 et
629 1260 748 1299 vitam,
786 1259 933 1299 denique
969 1260 1096 1290 bellum
1131 1258 1274 1299 Septem
1306 1259 1430 1290 ducum
1467 1260 1633 1289 adversus
1666 1259 1815 1293 Thebas,
1855 1259 1940 1294 haec

149 1314 274 1350 omnia.
297 1324 386 1355 quae
403 1314 512 1345 altera
529 1314 649 1345 alteris
666 1314 824 1354 aequalia
842 1320 929 1350 sunt,
953 1313 1145 1354 Delphicos
1160 1313 1238 1344 illos
1253 1319 1447 1354 temporum
1463 1314 1716 1354 gubernatores
1735 1313 1767 1343 in
1791 1318 1940 1344 aetatem

149 1369 194 1400 ab
232 1369 387 1409 epochae
411 1368 602 1409 Delphicae
638 1379 727 1399 anno
763 1369 922 1399 sollemni
947 1369 1008 1399 582
1042 1367 1331 1399 undevicesimam
1354 1367 1538 1403 rettulisse.
1561 1377 1652 1408 quae
1674 1374 1772 1398 aetas
1794 1367 1942 1408 spatium

150 1422 297 1464 triginta
330 1423 431 1454 trium
463 1433 628 1453 annorum
664 1423 708 1453 ab
743 1433 773 1454 a.
809 1424 888 1454 1183
911 1424 954 1453 ad
981 1424 1059 1454 1216
1083 1422 1211 1462 explet.
1255 1421 1310 1452 Ex
1343 1422 1396 1452 his
1418 1422 1603 1462 principiis.
1637 1422 1719 1462 quid
1742 1422 1786 1452 de
1809 1420 1941 1452 Cadmo

149 1482 324 1518 sequatur.
347 1477 530 1508 manifesto
557 1477 623 1507 iam
647 1483 805 1517 apparet.
849 1476 882 1508 Is
906 1488 926 1508 a
949 1477 1116 1518 Polynice
1140 1483 1260 1508 sextus
1283 1482 1346 1513 est,
1369 1475 1404 1506 id
1430 1482 1482 1507 est
1504 1477 1639 1507 duobus
1663 1476 1807 1517 integris
1823 1486 1941 1507 saecu-

147 1530 191 1563 lis
213 1537 381 1565 remotus:
417 1531 545 1572 primus
583 1531 688 1571 igitur
711 1531 831 1562 Cadmi
865 1542 973 1562 annus
1005 1532 1069 1562 erit
1095 1533 1175 1564 1383
1197 1543 1227 1562 a.
1255 1531 1341 1568 Chr„
1366 1542 1467 1572 quem
1492 1542 1617 1563 annum
1641 1532 1756 1572 paullo
1782 1542 1886 1572 supra
1908 1531 1941 1562 in

149 1590 334 1617 stemmate
356 1585 578 1617 Theroniano
601 1586 679 1617 huic
703 1591 881 1616 atavorum
904 1591 1009 1616 atavo
1034 1586 1248 1627 assignatum
1271 1586 1469 1618 invenimus.

180 1739 231 1771 26.
273 1738 516 1780 Septendecim
541 1739 633 1770 Batti
657 1748 876 1778 proavorum,
899 1739 942 1770 de
964 1739 1087 1779 quibus
1108 1738 1281 1770 Pindarus
1297 1738 1399 1779 Pyth.
1416 1738 1475 1773 IV.
1503 1739 1539 1770 10
1562 1744 1716 1775 testatur,
1741 1745 1898 1779 tempora

227 1793 367 1834 quidem
389 1793 535 1834 egregie
561 1793 698 1825 definiri
723 1804 837 1834 posse.
861 1794 999 1824 nomina
1023 1799 1154 1824 tanturn
1182 1804 1250 1824 non
1274 1793 1390 1824 omnia
1409 1793 1561 1824 tenebris
1584 1793 1719 1833 sepulta
1742 1793 1864 1824 iacere.

299 1881 364 1913 His
397 1882 445 1913 ita
468 1883 632 1913 stabilitis
657 1883 816 1914 dubitare
850 1882 916 1914 iam
940 1893 1008 1914 non
1031 1883 1121 1919 licet,
1144 1884 1224 1923 quin
1248 1884 1419 1914 Theronis
1441 1894 1650 1925 proavorum
1673 1884 1827 1915 laterculi
1849 1885 1940 1915 haud

150 1935 272 1972 minus,
309 1945 413 1976 quam
446 1935 741 1977 Euphemidarum
777 1943 922 1968 stemma
957 1937 1151 1978 Delphicae
1182 1937 1340 1970 officinae
1374 1945 1483 1970 artem
1506 1945 1540 1970 et
1566 1939 1779 1979 diligentiam
1803 1939 1942 1979 spirent.

149 1987 220 2021 Sed
255 1999 358 2021 unum
392 1991 587 2033 etiamnunc
610 1990 760 2022 officium
787 1997 940 2022 nostrum
966 1998 1083 2023 restat.
1121 1991 1315 2032 Quaeritur.
1341 2003 1420 2023 num
1445 1993 1538 2024 Batti
1562 2003 1702 2033 quoque
1730 1992 1940 2033 Cyrenarum

148 2043 337 2075 conditoris
357 2044 436 2075 inde
454 2045 498 2075 ab
515 2044 699 2085 Euphemo
720 2045 927 2085 Argonauta
950 2056 1101 2086 proavos
1123 2047 1358 2086 septendecim
1377 2047 1571 2078 nominibus
1584 2048 1654 2078 suis
1666 2048 1818 2078 salutare
1837 2053 1941 2087 atque

149 2098 358 2138 compellare
393 2098 493 2129 nobis
515 2099 629 2138 liceat,
663 2100 954 2139 quemadmodum
977 2100 1008 2130 in
1032 2099 1203 2130 Theronis
1226 2100 1412 2131 maioribus
1434 2110 1597 2131 maxuma
1619 2101 1741 2131 saltem
1774 2110 1819 2130 ex
1842 2104 1942 2140 parte

148 2149 222 2182 fieri
251 2151 373 2191 potuit.
428 2150 557 2182 Verum
593 2161 649 2182 res
671 2162 737 2182 non
761 2152 840 2183 boni
865 2152 987 2183 ominis
1012 2160 1074 2184 est.
1117 2153 1242 2185 Statim
1272 2154 1338 2185 iam
1362 2154 1394 2185 in
1418 2155 1532 2185 limine
1556 2154 1786 2186 confitendum
1810 2161 1879 2185 est:
1907 2154 1939 2185 in

149 2204 442 2246 Euphemidarum
466 2212 650 2238 stemmate
674 2206 901 2237 instaurando
914 2207 1090 2238 Fortunae
1111 2214 1225 2238 rotam
1249 2209 1353 2249 longe
1376 2218 1413 2239 se
1429 2209 1530 2239 nobis
1553 2209 1754 2249 iniquiorem
1779 2215 1813 2239 et
1829 2209 1941 2249 magis

149 2258 301 2290 invidam
324 2260 538 2300 praebuisse,
571 2270 675 2301 quam
701 2261 733 2291 in
758 2261 976 2292 Labdacidis.
1032 2261 1086 2292 Ex
1123 2263 1272 2293 sedecim
1295 2269 1376 2294 ante
1398 2263 1548 2300 Battum,
1583 2263 1796 2304 Polymnasti
1836 2261 1938 2293 filium

149 2312 264 2353 (Pind.
282 2313 383 2354 Pyth.
403 2314 462 2354 IV,
478 2316 541 2353 59),
558 2314 724 2346 heroibus
744 2323 883 2356 praeter
907 2316 1016 2356 ipsum
1034 2316 1294 2356 Polymnastum
1321 2318 1389 2347 duo
1410 2323 1540 2347 tantum
1557 2318 1693 2348 nomine
1719 2324 1818 2348 tenus
1841 2317 1940 2348 nobis

150 2368 388 2400 innotuerunt:
423 2369 591 2410 Euphemi
626 2379 669 2400 ex
706 2369 866 2400 Malacha
898 2371 970 2401 sive
1004 2370 1178 2401 Lamacha
1211 2370 1352 2401 Lemnia
1385 2370 1489 2403 filius:
1528 2371 1779 2413 Leucoplmncs;
1816 2371 1941 2402 deinde

150 2422 252 2453 huius
274 2421 515 2462 Leucophanis
539 2432 712 2463 pronepos
735 2422 858 2453 Samus
880 2423 953 2453 sive
970 2422 1139 2461 Sesamusg
1163 2424 1206 2454 de
1228 2425 1395 2455 ambobus
1412 2425 1542 2465 optime
1558 2425 1718 2456 disseruit
1741 2425 1781 2456 O.
1796 2424 1942 2455 Mueller
