2221 3038
1058 238 1112 269 XI

196 338 355 372 tempore
377 331 592 372 praescripto
615 331 754 361 tandem
777 328 882 365 finito,
906 329 940 360 id
965 329 1057 369 quod
1088 329 1121 360 in
1144 328 1224 359 fatis
1247 335 1331 364 erat,
1355 329 1636 370 Peloponnesum
1657 329 1761 360 armis
1785 329 1988 361 victricibus

197 391 376 426 occupant.
415 384 613 416 Communis
635 384 728 415 fama
750 390 813 419 est¹
836 394 905 424 quo
927 389 1084 423 tempore
1101 382 1333 414 Aristomachi
1355 382 1415 414 filii
1438 383 1470 414 in
1492 383 1772 424 Peloponnesum
1796 383 1988 424 irruperint.

196 448 314 480 regem
338 438 557 470 Achaeorum
581 438 685 469 fuisse
705 437 934 472 Tisamenum.
958 435 1093 468 Orestis
1109 435 1220 473 filium,
1243 437 1406 477 Apollod.
1430 437 1470 474 11,
1493 438 1521 475 8,
1544 439 1573 473 2,
1597 439 1615 469 4
1640 443 1674 469 et
1700 439 1728 474 3,
1752 439 1791 474 ὃς
1822 437 1922 468 Paus.
1946 437 1987 473 Π,

200 493 246 533 18,
270 494 287 525 7
310 499 345 524 et
368 492 444 532 Vll,
472 494 498 527 l.
519 493 548 523 8.
594 492 627 522 Is
664 502 709 523 ex
740 491 853 532 patria
886 493 930 522 ab
954 491 1147 522 Heraclidis
1180 500 1257 522 cum
1281 492 1418 531 agmine
1443 502 1582 523 suorum
1619 493 1784 533 expulsus
1817 502 1920 532 quum
1944 493 1989 523 ab

197 546 340 578 Ionibus
355 553 435 578 tunc
451 546 617 586 temporis
640 546 672 576 in
689 546 932 586 Peloponneso
948 545 1206 585 septentrionali
1222 545 1450 577 incolentibus
1466 546 1652 586 hospitium
1672 546 1799 577 frustra
1823 546 1989 586 petiisset,

196 601 305 633 atroci
336 601 468 641 proelio
502 610 580 632 cum
612 600 751 631 Ionibus
782 599 935 631 conflixit
959 606 992 630 et
1018 599 1150 630 fortiter
1173 600 1338 630 dimicans
1361 601 1494 632 cecidit.
1551 600 1631 631 Eius
1660 610 1785 640 corpus
1812 601 1844 631 in
1869 600 1989 631 Helica

197 655 283 685 urbe
298 654 469 694 sepultum
486 659 611 694 postea
627 654 671 684 ab
688 653 972 684 Lacedaemoniis
996 651 1157 693 Spartam
1179 655 1380 685 arcessitum
1415 660 1448 686 et
1470 655 1548 686 loco
1569 655 1849 686 celebratissimo.
1874 655 1905 685 in
1921 665 1990 695 quo

195 707 347 739 Phiditia
369 708 489 739 haberi
513 709 683 742 solebant,
712 713 934 738 monumento
963 707 1136 739 conditum
1160 714 1222 743 est,
1251 708 1351 740 Paus.
1374 709 1447 745 VII,
1475 711 1500 742 1.
1534 710 1571 741 8:
1600 710 1739 749 ὕστερον
1760 710 1868 749 χρόνῳ
1893 709 1989 741 Λακε-

195 762 353 801 δαιμόνιοι
367 764 426 794 τοῦ
441 763 476 794 ἐν
492 764 638 801 Δελφοῖς
653 763 768 801 σφίσιν
783 762 973 800 ἀνειπόντος
996 763 1191 801 χρηστηρίου
1215 763 1378 800 κομίζουσι
1401 764 1440 794 τὰ
1463 763 1546 795 ὀστᾶ
1570 764 1604 803 ἐς
1621 763 1782 803 Σπάρτην,
1805 764 1856 795 καὶ
1878 763 1917 802 ἦν
1939 764 1991 795 καὶ

196 817 231 856 ἐς
253 817 308 855 ἐμὲ
331 818 377 848 ἔτι
400 817 488 858 αὐτῷ
510 817 616 856 τάφος
638 817 716 849 ἔνθα
739 817 778 848 τὰ
800 818 914 848 δεῖπνα
936 816 1197 856 Λακεδαιμονίοις
1219 818 1288 848 ἐστὶ
1311 819 1350 849 τὰ
1369 818 1509 850 Φειδίτια
1527 819 1718 857 καλούμενα.
1753 817 1851 849 Haec
1867 818 1990 858 omnia,

197 881 287 912 quae
303 872 346 902 de
364 871 624 902 Heraclidarum
641 871 673 902 in
687 871 963 911 Peloponnesum
981 870 1202 910 expeditione
1229 877 1263 902 et
1279 871 1323 901 de
1336 871 1582 912 Pelopidarum
1599 872 1630 902 in
1646 872 1781 903 fortiter
1796 872 1990 903 resistendo

197 926 443 957 certaminibus
466 926 656 960 traduntur,
680 927 769 956 hunc
791 926 881 956 haud
907 925 1010 956 dubie
1033 926 1183 956 colorem
1205 926 1343 961 habent,
1381 932 1416 956 ut
1448 926 1479 956 in
1503 927 1672 957 ambabus
1697 926 1889 967 principum
1912 936 1991 966 pro·

198 981 304 1021 sapiis
323 981 447 1021 singuli
470 980 613 1019 singulis
637 981 681 1011 ad
703 987 834 1011 eertum
857 986 1050 1020 temporum
1074 980 1227 1010 ordinem
1251 987 1482 1020 opponantur:
1507 981 1632 1021 Hyllus
1650 981 1772 1020 Atreo,
1797 980 1990 1012 Cleodaeus

197 1035 464 1075 Agamemnoni,
493 1035 759 1066 Aristomachus
781 1035 938 1069 Orestae.
973 1034 1206 1065 Aristomachi
1231 1033 1290 1064 filii
1314 1041 1384 1065 tres
1407 1035 1604 1069 Tisameno,
1627 1035 1775 1067 Orestae
1795 1034 1872 1067 filio.
1917 1035 1989 1067 Iam

197 1089 394 1121 Heraclidis
430 1090 571 1130 quidem
607 1095 744 1121 constat
775 1089 891 1120 statim
925 1090 968 1120 ab
991 1089 1085 1120 initio
1109 1096 1245 1120 centurn
1269 1100 1378 1120 annos
1401 1091 1445 1120 ab
1468 1090 1563 1131 Hylli
1586 1096 1697 1121 morte
1720 1091 1765 1120 ad
1787 1091 1935 1121 reditum
1958 1091 1991 1121 in

199 1144 478 1184 Peloponnesum
519 1145 724 1185 adsignatos
761 1155 848 1183 esse,
889 1144 946 1184 qui
993 1144 1103 1174 tribus
1134 1145 1306 1175 aetatibus
1343 1155 1510 1175 annorum
1542 1144 1623 1184 33¹s³
1657 1145 1876 1185 respondent.
1920 1144 1992 1177 Sed

198 1199 315 1239 paullo
339 1199 537 1230 accuratius
561 1209 632 1230 rem
656 1199 954 1230 considerantibus
977 1198 1205 1230 confitendum
1230 1205 1291 1238 est,
1325 1199 1402 1230 huic
1432 1199 1554 1230 canoni
1578 1209 1660 1230 vere
1683 1200 1794 1239 probo
1817 1205 1851 1230 et
1874 1199 1989 1239 prisco

200 1259 234 1284 et
252 1253 284 1284 in
300 1253 472 1294 Delphico
499 1253 648 1285 sacrario
669 1263 819 1294 procuso
843 1264 887 1285 ex
911 1253 967 1284 illa
991 1263 1064 1283 cum
1089 1252 1330 1292 Pelopidarum
1347 1258 1529 1283 stemmate
1555 1252 1810 1283 consociatione
1827 1262 1988 1293 magnum

198 1308 385 1348 perieulum
425 1315 582 1348 paratum
624 1319 711 1339 esse.
772 1307 879 1339 Attici
909 1308 996 1338 enim
1043 1307 1290 1347 chronologiae
1326 1313 1537 1338 scrutatores
1575 1307 1749 1347 aliquanto
1784 1313 1874 1347 post.
1913 1317 1989 1338 cum

199 1362 424 1394 conciliandis
446 1363 535 1394 inter
570 1374 607 1394 se
640 1363 785 1394 diversis
819 1363 1029 1403 anagraphis
1065 1371 1207 1402 operam
1237 1363 1368 1397 darent,
1406 1361 1651 1402 Pelopidarum
1686 1367 1844 1401 tempora
1874 1361 1921 1392 ita
1957 1361 1989 1392 in

199 1417 340 1448 brevius
368 1423 626 1452 contraxerunt.
662 1424 697 1448 ut
724 1418 813 1448 inter
840 1417 978 1448 Troiam
1007 1423 1142 1457 captam
1175 1423 1209 1447 et
1242 1417 1506 1448 Heraclidarum
1533 1416 1775 1456 migrationem
1805 1417 1989 1456 sexaginta

198 1479 330 1505 tantum
368 1482 478 1503 annos
513 1479 691 1513 ponerent.
726 1472 866 1503 Troiam
904 1482 986 1502 vero
1016 1472 1298 1512 Agamemnonis.
1339 1470 1512 1502 Cleodaeo
1543 1471 1707 1510 aequalis
1742 1480 1832 1501 anno
1866 1471 1989 1502 XVIII

198 1537 355 1560 eversam
389 1528 599 1563 statuebant,
633 1537 708 1558 cum
736 1527 874 1557 omnino
905 1526 1047 1567 triginta
1079 1536 1187 1557 annos
1210 1525 1463 1566 Agamemnoni
1498 1525 1696 1556 tribuerent.
1739 1525 1864 1556 Castor
1898 1526 1990 1566 apud

197 1581 383 1612 Eusebium
407 1581 459 1612 ed.
476 1580 634 1612 Schoene
657 1580 724 1611 vol.
748 1580 762 1611 Ι
784 1590 815 1620 p.
835 1580 902 1620 179,
925 1581 988 1610 sub
1014 1581 1054 1611 b:
1086 1580 1161 1611 Post
1182 1591 1263 1622 quos
1285 1581 1446 1621 (Atreum
1470 1586 1503 1610 et
1527 1580 1730 1620 'l'hyestami
1755 1579 1989 1621 Agamemnon

197 1634 303 1666 annis
335 1635 445 1667 XXX.
471 1633 578 1665 Cuius
606 1636 758 1676 tempore,
792 1645 882 1664 mmo
904 1634 1034 1664 Xl'lll
1051 1633 1140 1665 Ilion
1162 1635 1293 1675 captum
1321 1635 1377 1664 cst.
1407 1632 1496 1664 conf.
1524 1632 1671 1673 Epitom.
1696 1632 1887 1663 Barbarum
1910 1633 1989 1664 ibid.

199 1690 352 1731 Append
375 1700 406 1730 p.
430 1691 506 1721 215:
544 1687 766 1730 Collagruntur
793 1687 833 1718 ab
863 1688 986 1719 Inacho
1010 1698 1088 1730 rege
1119 1698 1222 1729 usque
1252 1688 1299 1718 ad
1317 1686 1555 1719 desolationem
1594 1686 1658 1717 lliz'
1685 1687 1776 1726 (cod.
1799 1685 1890 1721 solis.
1925 1697 1989 1718 em.

199 1743 380 1784 Scaliger).
409 1743 500 1785 quod
525 1745 574 1773 cst
603 1744 714 1773 octavo
739 1741 865 1773 decimo
893 1741 1172 1784 Agamemnonis,
1196 1741 1286 1772 anni
1310 1740 1521 1783 septingenti
1540 1741 1673 1773 le'lll.

202 1898 249 1930 10.
292 1897 468 1938 Antiquae
492 1897 742 1937 chronologiae
766 1897 966 1937 simplicitas
989 1903 1022 1928 et
1046 1897 1277 1938 perspicuitas
1305 1908 1326 1928 a
1349 1898 1579 1937 posteriorum
1610 1897 1823 1928 saeculorum
1848 1897 1990 1928 eruditis

409 1957 573 1992 corrupta
595 1957 657 1983 est.
682 1969 722 1973 —
745 1951 929 1991 Popularia
951 1951 1122 1992 quaedam
1163 1951 1325 1992 antiquae
1348 1951 1596 1992 chronologiae
1620 1951 1777 1992 vestigia.

348 2039 421 2071 Iam
442 2040 547 2081 igitur
567 2047 752 2081 postquam
776 2051 796 2071 a
823 2040 936 2072 medio
958 2041 1233 2081 Agamemnonis
1254 2052 1314 2073 seu
1335 2042 1499 2074 Cleodaei
1530 2053 1639 2083 regno
1660 2043 1704 2074 ad
1727 2042 1988 2074 Heraclidarum

201 2094 348 2126 reditum
371 2095 463 2125 haud
485 2095 562 2135 plus
574 2095 760 2136 sexaginta
782 2105 890 2126 annos
913 2096 1037 2126 eruditi
1060 2095 1106 2126 illi
1127 2096 1242 2136 largiti
1261 2102 1348 2133 sunt,
1371 2095 1444 2128 fieri
1461 2097 1621 2137 profecto
1639 2097 1708 2128 iam
1724 2107 1790 2128 non
1806 2097 1928 2137 potuit,
1952 2102 1988 2128 ut

201 2147 473 2185 Heraclidarum,
486 2159 576 2189 quae
585 2150 666 2180 olim
680 2155 816 2180 centum
829 2159 996 2181 annorum
1010 2150 1153 2186 fuerant,
1166 2151 1255 2182 hunc
1267 2161 1455 2187 numerum,
1468 2157 1538 2182 tam
1554 2152 1735 2192 perspicue
1747 2161 1823 2182 cum
1838 2150 1988 2182 indutiae

200 2202 309 2234 tribus
331 2202 595 2235 Heraclidarum
617 2206 745 2244 γενεαῖς
767 2205 1014 2241 concinentem,
1039 2211 1225 2236 servarent.
1278 2205 1400 2245 Itaque
1433 2205 1465 2236 in
1488 2206 1627 2236 brevius
1661 2205 1773 2245 magis
1806 2205 1988 2245 magisque

199 2257 279 2288 illae
315 2257 468 2289 indutiae
505 2267 642 2299 semper
682 2265 881 2291 contractae
919 2266 1006 2295 sunt.
1051 2260 1162 2290 donec
1203 2269 1244 2290 eo
1288 2265 1492 2299 perventum
1543 2266 1611 2295 est,
1656 2266 1692 2290 ut
1734 2259 1985 2300 quinquaginta

200 2312 436 2343 tantummodo
475 2313 553 2343 anni
592 2313 642 2344 eis
686 2314 830 2354 expensi
870 2313 1049 2349 ferrentur,
1095 2323 1186 2354 quae
1226 2315 1379 2345 narratio
1418 2320 1470 2346 est
1504 2314 1652 2345 Diodori
1690 2314 1750 2349 IV.
1791 2314 1847 2346 58:
1890 2314 1916 2346 εἰ
1951 2315 1986 2346 δὲ

199 2366 320 2406 Ὕλλος
351 2367 505 2406 λειφθείη,
535 2367 575 2406 μὴ
614 2369 754 2400 κατιέναι
791 2369 869 2408 τοὺς
902 2367 1111 2408 Ἡρακλείδας
1150 2368 1196 2407 εἰς
1229 2368 1487 2407 Πελοπόννησον
1528 2368 1622 2407 ἐντὸς
1656 2367 1737 2399 ἐτῶν
1779 2367 1986 2405 πεντήκοντα.
