2196 3006
1074 280 1150 310 XX

218 377 377 416 exemplo
401 376 583 406 mutandus
607 384 673 404 non
698 373 832 403 videtur
855 382 896 402 ea
918 372 961 401 de
993 380 1125 405 caussa,
1149 371 1241 410 quod
1264 379 1333 400 non
1355 376 1427 400 tarn
1449 381 1512 410 per
1535 381 1571 401 se
1592 370 1666 410 ipse
1687 375 1878 410 suspectus,
1902 381 2006 411 quam

218 432 263 462 ad
278 431 360 462 illud
374 429 537 469 temporis
553 428 701 468 spatium
722 426 809 456 falso
834 426 963 456 relatus
979 425 1122 455 videtur.
1143 424 1366 455 Rectissume
1389 425 1478 455 enim
1494 424 1692 455 Evoeckhius
1709 425 1754 455 ad
1775 424 1889 456 Schol.
1906 425 2004 457 Pind.

217 496 250 525 p.
274 486 314 516 60
338 490 423 515 extr.
453 484 541 514 hanc
573 481 695 521 viginti
737 485 870 520 septem
903 485 1057 510 aetatum
1092 488 1259 509 summam
1296 479 1330 508 id
1360 479 1509 518 spatium
1533 479 1726 518 exprimere
1749 480 1903 515 coniecit,
1938 490 2008 511 non

218 540 311 579 quod
334 539 421 569 inter
446 538 615 568 Entimum
642 541 676 565 et
699 535 908 573 Theronem‚
948 535 1009 563 sed
1033 534 1125 573 quod
1164 533 1252 563 inter
1279 532 1564 572 antiquissumum
1589 543 1759 573 proavom
1783 533 1949 565 Cadmum
1973 540 2007 564 et

219 594 413 624 Theronem
434 592 647 622 interiectum
672 595 774 620 esset.
819 589 918 618 Haec
942 589 1009 618 duo
1034 588 1145 627 spatia
1169 588 1281 618 bonus
1305 588 1362 617 ille
1385 588 1632 627 grammaticus
1654 598 1776 627 parum
1799 589 1832 618 in
1853 587 2008 619 Graeco-

218 658 291 678 rum
312 646 455 677 historia
478 650 634 675 versatus
665 644 753 674 inter
787 653 823 673 se
847 642 1059 673 confuderat.
1116 642 1280 681 Sequitur
1302 642 1392 675 inde,
1427 648 1464 671 ut
1487 642 1581 681 apud
1603 642 1790 672 Pindarum
1814 653 1952 682 quoque
1974 643 2008 673 in

219 701 387 732 Theronis
420 699 582 730 Encomio
612 704 772 736 aetatum,
807 697 930 736 quibus
965 707 985 726 a
1010 696 1140 727 Cadmo
1171 697 1310 727 Theron
1343 696 1472 726 distare
1496 696 1675 733 diceretur,
1698 707 1860 727 numerus
1885 697 2007 737 viginti

218 761 350 795 septem
376 754 486 784 fuerit.

220 907 267 938 18.
310 906 363 936 Ex
386 905 531 936 XXVII
547 904 758 935 Theroniani
784 904 975 934 stemmatis
999 903 1172 933 aetatibus
1190 903 1373 933 duodecim
1389 903 1521 942 primae
1537 913 1647 943 usque
1664 904 1709 933 ad
1729 903 1973 934 Telemachum
1988 903 2004 933 Ι

297 960 329 989 in
353 959 545 990 clarissima
568 959 643 988 luce
667 959 861 989 decurrunt.
905 957 1049 987 Alterae
1075 957 1267 993 duodecim,
1293 958 1416 997 quibus
1438 957 1558 988 Rhodi
1582 969 1670 998 gens
1691 964 1931 994 commoratur,

421 1014 491 1043 alto
514 1013 649 1043 silentio
673 1018 884 1052 premuntur.
930 1011 1155 1042 Consurrexit
1181 1011 1296 1051 gentis
1320 1010 1450 1042 Genius
1476 1013 1508 1042 in
1532 1012 1741 1043 Telemacho
1764 1012 1805 1042 ΙΙ.

364 1108 465 1138 Hunc
489 1112 640 1138 aetatum
664 1107 786 1146 viginti
814 1112 948 1145 septem
970 1106 1179 1144 thesaurum,
1202 1115 1304 1144 quem
1324 1114 1369 1134 ex
1385 1104 1506 1143 spissis
1529 1110 1600 1134 tam
1616 1109 1771 1135 remotae
1794 1105 2007 1145 antiquitatis

216 1163 367 1193 tenebris
397 1172 516 1192 eruere
545 1161 659 1192 conati
678 1171 804 1198 sumus,
831 1161 938 1190 multo
963 1160 1064 1190 etiam
1081 1159 1205 1189 laetius
1221 1159 1336 1189 hercle
1353 1159 1597 1199 acciperemus,
1619 1159 1647 1189 si
1668 1159 1810 1198 singulis
1827 1159 2008 1194 aetatibus,

215 1216 250 1247 id
266 1217 360 1256 quod
376 1216 528 1246 Theroni
554 1221 588 1246 et
604 1215 760 1245 Pindaro
777 1215 870 1244 haud
894 1213 997 1244 dubie
1020 1213 1112 1244 factu
1128 1212 1336 1243 facillumum
1352 1212 1424 1249 fuit,
1450 1213 1613 1253 singulos,
1635 1213 1691 1253 qui
1708 1214 1757 1244 eis
1774 1214 2008 1251 convenirent,

215 1272 338 1301 heroes
360 1280 448 1300 nunc
471 1269 671 1299 adscribere
694 1269 823 1299 liceret.
870 1267 941 1299 Sed
964 1269 1029 1297 hoc
1051 1268 1225 1307 gaudium,
1248 1268 1301 1297 his
1323 1268 1451 1298 nostris
1474 1269 1578 1298 rebus
1600 1268 1757 1298 humanis
1779 1268 1917 1298 nimium
1941 1268 2011 1299 for—

217 1331 309 1355 tasse
328 1325 467 1358 laetum,
487 1323 642 1353 Fortuna
665 1323 765 1353 nobis
789 1322 919 1352 invidit.
964 1322 1018 1352 Ex
1040 1322 1172 1361 vigenti
1189 1323 1278 1352 enim
1295 1327 1429 1362 septem
1444 1322 1636 1352 nominibus
1659 1322 1853 1362 quindecim
1876 1328 2008 1353 tantum

218 1384 304 1414 sunt,
338 1389 426 1418 quae
462 1383 612 1408 aetatem
636 1377 796 1417 tulerunt,
830 1386 989 1416 quaeque
1013 1377 1117 1406 certis
1141 1382 1175 1407 et
1197 1376 1397 1406 indubitatis
1421 1376 1634 1416 antiquitatis
1657 1377 1860 1407 testimoniis
1881 1376 2010 1407 firmari

217 1438 378 1473 possunt:
415 1433 596 1463 duodecim
619 1432 758 1462 nomina
791 1431 1006 1471 irreparabili
1039 1441 1120 1461 casu
1148 1441 1192 1461 ex
1215 1431 1329 1462 medio
1353 1431 1410 1461 illo
1434 1431 1790 1471 splendidissimorum
1811 1432 1955 1461 heroum
1976 1437 2011 1462 et

217 1488 407 1528 principum
431 1488 536 1517 choro
563 1487 753 1526 intercepta
780 1492 866 1516 sunt.
912 1486 982 1517 Sed
999 1486 1160 1525 quoniam
1176 1486 1417 1516 irrevocabilia
1439 1485 1523 1516 flere
1546 1496 1667 1525 parum
1685 1487 1845 1516 decorum
1864 1486 2009 1523 videtur,

217 1543 311 1582 quod
335 1542 443 1571 solum
467 1541 621 1572 relictum
646 1546 713 1577 est,
739 1540 924 1580 diligenter
947 1550 1100 1580 agamus,
1124 1545 1160 1570 ut
1180 1541 1327 1580 primum
1344 1540 1499 1580 integras
1515 1541 1740 1580 anagraphae
1762 1545 1881 1579 partes
1903 1550 2008 1579 quam

217 1596 495 1627 luculentissume
520 1595 594 1625 fieri
616 1595 754 1635 poterit,
778 1595 995 1629 illustremus,
1028 1595 1150 1625 deinde
1173 1595 1316 1625 lacunae
1340 1600 1497 1625 naturam
1520 1595 1568 1624 ita
1589 1599 1854 1634 perscrutemur,
1878 1599 1915 1625 ut
1938 1600 2009 1625 tam

219 1651 261 1681 de
285 1651 427 1690 origine,
466 1660 568 1689 quam
607 1651 649 1680 de
673 1649 835 1686 terminis,
875 1649 999 1689 quibus
1023 1649 1322 1688 circumscribitur,
1346 1659 1435 1689 quae
1458 1649 1703 1679 verisimillima
1727 1648 1802 1687 sint,
1835 1659 2005 1680 eruamus.

216 1704 287 1734 Tam
311 1714 393 1734 vero
417 1705 449 1734 in
473 1706 536 1734 hac
560 1705 742 1744 questione
765 1704 935 1743 optimum
957 1713 1046 1733 nunc
1070 1703 1258 1742 auspicium
1281 1708 1342 1738 est,
1367 1703 1462 1742 quod
1479 1703 1595 1733 statim
1618 1703 1661 1734 de
1684 1703 1865 1734 duodecim
1887 1704 2006 1743 primis

218 1759 290 1790 eius
314 1759 502 1789 stemmatis
526 1759 689 1789 membris
711 1759 814 1798 plane
837 1763 993 1796 constat,
1024 1767 1142 1788 eorum
1172 1758 1311 1788 nomina
1343 1758 1377 1787 in
1411 1758 1559 1788 omnium
1576 1767 1637 1788 ore
1671 1763 1758 1796 sunt,
1789 1759 1833 1788 ab
1871 1759 2009 1798 optimis

217 1814 363 1844 testibus
400 1814 537 1844 tradita.
588 1813 704 1844 Series
738 1824 821 1843 vero
854 1814 942 1843 haec
976 1818 1044 1843 est:
1081 1813 1095 1843 1
1124 1812 1284 1847 Cadmus,
1320 1813 1337 1842 2
1361 1812 1565 1852 Polydorus,
1592 1813 1611 1842 3
1633 1812 1827 1848 Labdacus,
1851 1813 1870 1843 4
1892 1812 2008 1846 Laius,

218 1870 236 1899 5
261 1868 426 1907 Oedipus,
463 1869 482 1897 «3
505 1868 697 1907 Polynices,
732 1868 748 1898 7
773 1868 1003 1905 Thersander,
1039 1868 1056 1898 8
1080 1867 1294 1902 Tisamenus,
1319 1867 1337 1898 9
1362 1867 1541 1902 Autesion‚
1579 1868 1616 1898 10
1641 1867 1784 1903 Theras,
1811 1868 1846 1898 11
1874 1866 2008 1907 Samus,

219 1923 258 1953 12
280 1922 518 1952 Telemachus.
563 1922 639 1952 Hae
663 1922 770 1961 igitur
794 1922 978 1952 duodecim
995 1926 1130 1952 aetates
1154 1921 1341 1951 secundum
1357 1920 1606 1959 Delphicorum
1622 1920 1843 1950 sacerdotum
1860 1920 2009 1951 calculos

219 1981 379 2016 quattuor
410 1977 624 2007 saeculorum
658 1977 805 2016 spatium
840 1981 1000 2016 aequant.
1057 1976 1137 2016 Sed,
1172 1980 1209 2006 ut
1231 1975 1339 2006 ferme
1361 1974 1409 2012 fit,
1432 1975 1614 2014 prospexit
1639 1985 1757 2005 rursus
1780 1974 1942 2011 Fortuna,
1966 1986 2010 2006 ne

218 2031 356 2061 nimium
377 2032 594 2062 laetaremur.
617 2031 705 2061 Nam
729 2037 810 2071 post
833 2032 919 2062 haec
936 2031 1236 2070 splendidissimae
1254 2030 1440 2061 memoriae
1460 2029 1556 2059 initia
1577 2029 1643 2059 iam
1660 2035 1819 2070 tempora
1843 2035 2010 2070 sequntur

219 2086 331 2125 spissa
355 2086 501 2125 caligine
524 2085 684 2121 involuta,
710 2091 873 2125 tanquam
896 2085 954 2115 illa
977 2085 1147 2116 Theronis
1170 2085 1298 2115 familia
1321 2085 1354 2114 in
1377 2084 1562 2124 tranquilla
1582 2094 1775 2124 securaque
1797 2085 2011 2116 obscuritate

220 2140 426 2171 delitescens
450 2141 494 2169 ad
516 2150 626 2170 novos
662 2146 785 2179 postea
810 2145 953 2170 conatus
988 2140 1078 2171 vires
1112 2139 1277 2179 colligere
1307 2138 1464 2170 voluerit.
1515 2138 1744 2169 Telemachus
1779 2139 1877 2177 enim,
1915 2139 2010 2170 Sami

218 2194 317 2229 filius,
347 2194 591 2234 peregrinandi
625 2200 658 2225 et
687 2204 799 2225 rerum
832 2195 1099 2234 longinquarum
1131 2194 1245 2225 studio
1282 2193 1448 2233 impulsus
1472 2193 1587 2222 Thera
1610 2192 1730 2223 relicta
1766 2203 1842 2223 cum
1866 2193 2005 2233 agmine

222 2258 359 2279 suorum
383 2249 415 2278 in
438 2249 604 2278 Rhodum
627 2249 771 2279 insulam
794 2249 1015 2289 commigrat;
1049 2249 1163 2280 Schol.
1186 2248 1285 2278 Pind.
1312 2247 1365 2278 Ol.
1388 2247 1431 2286 ΙΙ,
1466 2247 1504 2278 82
1533 2257 1565 2286 p.
1591 2247 1646 2283 72;
1682 2247 1758 2278 coll.
1781 2257 1814 2287 p.
1836 2248 1876 2278 62
1900 2248 2009 2285 med.;

221 2308 324 2342 atque
347 2303 394 2333 ibi
417 2313 479 2342 per
501 2307 662 2342 quattuor
684 2313 800 2333 rursus
826 2304 965 2333 saecula
987 2303 1070 2337 sive,
1095 2303 1189 2343 quod
1213 2303 1335 2332 eodem
1360 2302 1458 2337 redit,
1483 2301 1663 2332 duodecim
1687 2306 1821 2332 aetates
1839 2301 2011 2332 Theronis

220 2357 267 2387 illi
290 2357 421 2397 proavi,
445 2367 587 2396 quorum
604 2357 660 2387 ille
676 2357 884 2397 imaginibus
909 2358 1156 2395 delectabatur,
1180 2356 1303 2387 civium
1320 2357 1529 2396 optimorum
1545 2356 1693 2396 quidem,
1718 2356 1779 2386 sed
1803 2355 1909 2386 otium
1932 2365 2009 2386 cum

221 2411 389 2451 dignitate
413 2411 535 2451 magis,
558 2421 661 2450 quam
684 2412 831 2452 gloriam
849 2411 1032 2442 colentium
1057 2411 1250 2442 conditione
1273 2411 1327 2441 usi
1342 2411 1516 2446 videntur;
1542 2420 1581 2441 ac
1604 2420 1647 2440 ne
1664 2410 1848 2450 probabile
1871 2410 2009 2450 quidem
