2196 3006
1072 318 1160 348 XIV

228 413 405 444 annalibus
439 422 551 443 rerum
574 411 815 441 Thebanarum
839 409 1017 448 Delphicis
1040 409 1209 440 Tiresiam
1244 410 1312 440 iam
1346 410 1466 441 Cadmi
1488 410 1686 441 Thebarum
1717 411 1905 443 conditoris
1928 419 2011 444 tem-

227 468 368 508 poribus
405 466 625 496 vaticinatum
663 474 748 495 esse.
805 463 902 494 Haec
937 463 1094 503 quaestio
1134 460 1322 492 arctissime
1357 470 1433 491 cum
1456 460 1610 492 Tiresiae
1641 462 1808 492 caecitate
1837 463 2011 495 cohaeret.

227 521 376 552 Tiresias
410 530 477 560 qua
510 520 600 549 vitae
631 523 744 549 aetate
773 522 807 547 et
841 527 944 557 quam
981 518 1026 547 ob
1059 526 1221 547 caussam
1250 516 1426 546 oculorum
1447 515 1559 546 lumen
1584 516 1744 551 amiserit,
1779 517 2010 556 pulcherrime

227 580 342 605 narrat
367 573 596 604 Callimachus
619 572 651 601 in
673 570 826 601 Palladis
847 571 997 601 lavacro.
1044 569 1128 600 Cum
1158 570 1273 609 prima
1296 570 1424 610 lanugo
1450 580 1560 610 genas
1585 570 1656 600 eius
1682 569 1878 607 offuscaret,
1902 571 2012 602 infeli-

227 627 362 658 cissimo
396 636 477 657 casu
513 635 588 655 eum
619 624 712 655 feras
739 623 772 654 in
795 624 961 654 Helicone
984 629 1166 655 venantem
1189 625 1340 655 delatum
1364 634 1441 655 esse
1469 625 1503 654 in
1527 635 1568 655 ea
1588 625 1674 659 loca,
1703 625 1763 655 ubi
1785 625 1943 656 Minerva
1966 627 2011 657 ad

226 681 403 712 meridiani
440 679 604 719 temporis
641 684 773 708 aestum
809 678 1004 708 leniendum
1027 678 1161 709 divinae
1184 679 1446 718 pulchritudinis
1483 680 1639 709 membra
1665 679 1877 720 Aganippae
1911 681 2010 711 undis

224 736 411 766 recreanda
432 734 631 768 tradiderat,
653 742 721 762 una
744 733 817 762 sola
841 732 998 763 Chariclo
1022 732 1154 765 comite.
1200 733 1330 764 Callim.
1355 733 1437 764 Lav.
1469 733 1552 765 Pall.
1580 734 1635 765 73:
1660 734 1839 773 ἀμφότεραι
1867 734 2009 774 λώοντο,

227 790 435 829 μεσαμβριναὶ
460 789 486 819 δ’
510 788 589 819 ἕσαν
613 787 700 826 ὧραι,
722 786 734 827 Η
755 787 859 818 πολλὰ
892 787 920 818 δ’
943 787 1060 826 ἁσυχία
1089 789 1167 824 τῆνο
1191 789 1333 826 κατεῖχεν
1357 787 1442 826 ὄρος.
1466 787 1478 827 Η
1500 788 1665 826 Τειρεσίας
1693 790 1719 819 δ’
1744 788 1788 819 ἔτι
1815 790 1922 827 μῶνος
1946 789 2011 827 ἁμᾶ

225 845 315 875 κυσὶν
339 844 407 882 ἄρτι
429 844 533 880 γένεια
556 842 567 882 ΙΙ
590 842 755 880 περκάζων
777 841 866 880 ἱερὸν
888 844 994 880 χῶρον
1027 842 1258 881 ἀνεστρέφετο·
1282 841 1293 882 Η
1315 867 1321 873 .
1340 868 1345 873 .
1364 866 1370 872 .
1386 843 1549 881 σχέτλιος·
1583 843 1641 873 οὐκ
1671 843 1789 874 ἐθέλων
1819 842 1844 874 δ’
1871 842 1935 874 εἶδε
1970 844 2009 874 τὰ

226 899 265 937 μὴ
288 899 404 936 Θέμιτα.
451 897 534 928 Cum
557 896 661 936 igitur
683 896 887 926 mortalibus
911 896 1018 926 oculis
1042 897 1291 936 conspexisset,
1327 906 1417 936 quae
1450 896 1579 926 homini
1610 906 1678 926 non
1712 896 1764 926 fas
1795 902 1847 927 est
1879 897 2009 937 videre,

227 951 440 982 irrevocabili
478 950 626 981 fatorum
663 951 751 990 lege,
789 960 997 990 quamquam
1033 950 1139 981 invita
1160 950 1323 986 Minerva,
1355 960 1432 981 eam
1459 950 1549 980 enim
1572 950 1819 981 adulescentuli
1851 950 2009 982 innocen—

223 1006 343 1037 tissimi
366 1006 587 1035 vehementer
609 1004 804 1040 miserebat,
829 1005 1007 1035 oculorum
1030 1005 1154 1035 lumine
1177 1005 1332 1045 privatus
1356 1010 1418 1035 est.

371 1060 469 1090 Hanc
502 1065 633 1090 tantam
656 1058 836 1095 miseriam,
869 1064 939 1089 tam
965 1060 1078 1089 subito
1103 1060 1256 1090 oblatam
1278 1058 1444 1094 Minerva,
1468 1065 1506 1089 ut
1530 1058 1687 1089 Chariclo
1711 1059 1855 1089 amicam
1885 1060 1927 1090 de
1950 1058 2010 1090 filii

228 1124 308 1145 casu
324 1114 510 1153 paullulum
527 1114 770 1153 consolaretur,
788 1114 1093 1153 praestantissimis
1109 1115 1207 1145 donis
1223 1114 1333 1144 tribus
1349 1114 1595 1153 compensavit.
1616 1113 1767 1144 Primum
1791 1114 2010 1145 divinationis

228 1170 427 1199 thesaurum
460 1169 490 1199 ei
514 1168 640 1208 largita
671 1173 737 1206 est3
773 1168 898 1198 deinde
929 1169 1089 1199 baculum
1121 1169 1154 1199 vi
1181 1168 1324 1199 mirifica
1349 1168 1553 1208 praeditum,
1585 1169 1678 1208 quod
1713 1178 1917 1209 quocunque
1952 1169 2009 1200 ille

224 1223 327 1254 vellet
351 1223 524 1252 dominum
548 1223 737 1253 adduceret
771 1224 813 1260 (v.
840 1223 914 1253 127:
949 1224 1028 1261 με’γα
1053 1223 1197 1262 βάκτρον,
1230 1223 1247 1254 ὅ
1271 1223 1301 1254 οἱ
1323 1223 1427 1261 πόδας
1451 1223 1486 1262 ἐς
1510 1224 1584 1254 δέον
1609 1223 1705 1262 ἀξεῑ);
1736 1224 1883 1263 denique
1916 1224 2009 1255 vitae

222 1283 358 1317 tempus
380 1278 412 1307 in
437 1284 570 1317 septem
594 1282 726 1308 aetates
749 1284 954 1317 porrectum.
999 1278 1037 1308 In
1061 1289 1102 1308 ea
1124 1278 1323 1309 Callimachi
1345 1278 1541 1308 narratione
1569 1288 1657 1308 nunc
1679 1288 1840 1308 maxume
1873 1279 1939 1308 hoc
1963 1279 2007 1309 ad

220 1342 292 1362 rem
317 1337 471 1361 nostram
490 1331 582 1371 facit,
607 1332 699 1371 quod
717 1331 867 1362 Tiresias
890 1332 957 1362 iam
976 1332 1117 1368 Cadmo,
1140 1333 1339 1362 Thebarum
1356 1331 1533 1368 conditori,
1557 1332 1762 1362 vaticinat-us
1779 1343 1855 1363 esse
1873 1333 2005 1364 dicitur.

222 1384 300 1414 Hoc
324 1384 414 1414 clare
439 1389 586 1414 testatur
611 1383 848 1419 Callimachus,
872 1385 929 1425 qui
951 1384 1142 1417 Minervam
1166 1387 1209 1417 de
1232 1386 1365 1416 Tiresia
1388 1391 1468 1416 vate
1492 1385 1606 1416 futuro
1635 1387 1722 1417 haec
1749 1387 2009 1426 praedicentem

220 1437 329 1478 fingat
353 1449 382 1468 v.
411 1440 483 1470 125:
516 1440 620 1470 πολλὰ
648 1440 682 1470 δὲ
712 1440 879 1471 Βοιωτοῖσι
917 1440 1091 1479 Θεοπρόπα,
1124 1442 1229 1473 πολλὰ
1259 1442 1294 1473 δὲ
1320 1441 1432 1482 Κάδμῳ
1456 1440 1467 1481 ΙΙ
1490 1443 1612 1481 χρησεῑ,
1642 1442 1692 1472 καὶ
1715 1441 1865 1481 μεγάλοις
1888 1441 2008 1481 ὕστερα

220 1493 439 1531 Λαβδακίδαις.
484 1493 581 1524 Idem
605 1494 669 1524 hoc
694 1494 771 1524 inde
795 1504 933 1534 quoque
956 1500 1110 1535 apparet,
1135 1497 1227 1536 quod
1248 1496 1291 1527 de
1313 1496 1502 1526 Actaeonis
1525 1495 1598 1526 fato
1622 1502 1658 1526 ut
1679 1497 1865 1536 postmodo
1889 1496 2005 1527 futuro

219 1547 440 1587 praesagium
465 1547 548 1578 facit
572 1548 737 1583 Minerva,
762 1559 838 1579 cum
861 1549 1021 1580 Actaeon
1043 1550 1163 1581 Cadmi
1184 1560 1295 1591 nepos
1319 1561 1363 1581 ex
1386 1551 1554 1580 Autonoa
1577 1551 1628 1581 sit.
1673 1550 1765 1590 Quot
1801 1559 1835 1582 et
1868 1556 2007 1591 quanta,

222 1601 329 1641 inquit
351 1601 517 1638 Minerva,
553 1603 643 1633 dona
672 1609 835 1642 parentes
864 1604 936 1634 eius
970 1604 1043 1635 deis
1066 1604 1264 1644 largientur,
1302 1609 1339 1634 ut
1365 1603 1470 1634 filium
1505 1604 1640 1635 unicum
1675 1613 1826 1639 caecum,
1860 1614 1901 1634 ac
1937 1613 2007 1634 non

221 1655 430 1694 discerptum
471 1667 491 1686 a
528 1657 669 1687 canibus
704 1657 862 1696 videant3
901 1668 930 1688 v.
956 1659 1027 1690 107:
1065 1659 1176 1690 πόσσα
1200 1660 1256 1697 μὲν
1290 1658 1310 1689 ἁ
1334 1659 1472 1697 Καδμηὶς
1496 1659 1530 1697 ἐς
1554 1658 1691 1697 ὕστερον
1715 1658 1838 1697 ἔμπυρα
1861 1657 2008 1699 καυσεῑ,ΙΙ

220 1710 331 1741 πόσσα
352 1712 379 1741 δ’
403 1707 594 1750 Ἀρισταῖος,
627 1712 685 1743 τὸν
709 1712 808 1750 μόνον
831 1713 996 1751 εὐχόμενοι
1019 1712 1030 1753 ΙΙ
1053 1716 1162 1752 παῖδα,
1192 1713 1249 1744 τὸν
1272 1713 1394 1752 ἡβατὰν
1414 1713 1596 1749 Ἀκταίονα,
1620 1713 1743 1751 τυφλὸν
1766 1713 1898 1744 ἰδέσθαι.
1942 1712 2008 1743 His

219 1764 444 1794 consideratis
463 1775 527 1804 pro
545 1771 638 1796 certo
655 1767 867 1805 pronuntiari
883 1768 1019 1806 poterit,
1043 1767 1297 1801 Callimachum,
1314 1767 1414 1797 aliter
1430 1772 1531 1807 atque
1548 1767 1811 1806 Apollodorum,
1828 1767 2002 1798 ineuntem

219 1817 373 1848 Tiresiae
397 1824 548 1850 aetatem
571 1821 614 1850 ad
640 1820 758 1850 Cadmi
782 1826 941 1860 tempora
965 1822 1146 1853 rettulisse.

222 1972 269 2001 13.
307 1971 475 2002 Tiresiam
507 1973 581 2002 urbi
611 1973 740 2004 Thebis
769 1974 801 2003 in
823 1974 1058 2015 Epigonorum
1087 1977 1177 2007 bello
1210 1983 1433 2017 expugnatae
1456 1987 1525 2007 non
1548 1987 1649 2007 unum
1672 1977 1760 2007 diem
1785 1977 2004 2017 superstitem

371 2025 482 2057 fuisse.
507 2044 544 2048 —-
568 2027 605 2057 In
631 2038 760 2059 canone
784 2034 918 2068 septem
942 2036 1094 2061 aetatum
1122 2037 1192 2061 tam
1214 2031 1246 2061 in
1269 2032 1340 2061 vita
1363 2031 1524 2066 Tiresiae,
1547 2041 1649 2071 quam
1673 2031 1706 2061 in
1728 2041 1850 2071 regum

495 2082 696 2122 anagrapha
718 2084 905 2114 luculenter
928 2085 1071 2124 agnosci
1093 2085 1266 2125 Apollinis
1286 2085 1543 2125 Ἑβδομαγένους
1567 2086 1721 2126 vestigia.

367 2172 517 2203 Tiresias
544 2173 648 2213 igitur
677 2174 897 2205 divinationis
922 2176 1084 2207 thesauro
1112 2176 1297 2208 instructus
1334 2188 1397 2217 per
1426 2183 1559 2217 septem
1582 2179 1757 2209 hominum
1787 2185 1921 2211 aetates
1952 2190 2005 2211 se-

216 2231 310 2264 ptem
324 2227 464 2266 regibus
480 2227 656 2258 Thebanis
680 2234 819 2268 praesto
837 2229 908 2261 fuit.
941 2230 997 2260 De
1018 2232 1082 2262 hoc
1098 2242 1239 2262 numero
1264 2233 1460 2272 septenario
1484 2234 1803 2273 praestantissimus
1827 2235 1925 2266 testis
1949 2240 2003 2266 est

217 2280 400 2317 Hesiodus,
440 2282 498 2321 qui
533 2282 566 2312 in
602 2283 772 2314 luculento
809 2283 1065 2324 Melampodiae
1097 2286 1291 2326 fragmento
1330 2288 1422 2326 apud
1457 2288 1618 2318 Tzetzam
1660 2289 1704 2318 ad
1740 2288 1912 2329 Lycophr.
1943 2290 2003 2320 682

218 2335 385 2366 Tiresiam
420 2336 549 2367 inducit
586 2338 628 2367 de
659 2337 825 2368 beneficio
858 2339 987 2370 scilicet
1023 2340 1078 2370 illo
1116 2346 1150 2370 et
1187 2340 1361 2371 caecitatis
1391 2341 1514 2371 solatio
1551 2347 1683 2380 septem
1718 2347 1880 2380 aetatum,
1914 2352 2003 2382 quae

221 2390 454 2421 exantlandae
490 2391 553 2421 sibi
592 2392 667 2431 sint,
704 2393 946 2424 miserabiliter
983 2399 1264 2434 conquerentem3
1300 2394 1493 2426 Marcksch.
1530 2395 1675 2426 Hesiodi
1715 2395 1837 2436 fragm.
1874 2407 1906 2436 p.
1941 2397 2002 2428 360

218 2443 307 2482 (coll.
330 2454 360 2484 p.
379 2444 468 2484 170):
492 2445 556 2476 Ζεῦ
577 2446 685 2484 πάτερ,
709 2447 766 2478 εἴθ’
790 2447 883 2485 ἥσσω
907 2449 962 2486 μὲν
986 2449 1056 2487 ἐμοὶ
1079 2449 1179 2480 αἰῶνα
1203 2450 1284 2488 βίοιο
1305 2449 1317 2489 ΙΙ
1337 2449 1482 2488 ὤφελλες
1506 2451 1615 2481 δοῦναι
1632 2452 1682 2481 καὶ
1705 2450 1759 2481 ἴσα
1781 2451 1878 2489 φρεσὶ
1901 2451 2002 2489 μήδεα
