2221 3038
1018 249 1107 281 xm

164 350 278 381 neque
294 341 471 372 venustius
486 340 657 372 adornari.
692 340 810 380 Atque
834 346 870 371 ut
886 340 930 375 id.
953 341 1046 380 quod
1067 341 1114 371 rei
1138 347 1241 381 caput
1264 348 1326 377 est,
1349 342 1464 373 statim
1489 341 1557 373 iam
1579 352 1667 373 nunc
1683 343 1947 383 praecipiamus:

163 394 209 426 ad
226 394 426 426 miraculum
442 393 686 434 confugeram
704 394 882 428 Tiresiam.
905 394 1027 425 Eueris
1050 401 1083 425 et
1095 394 1273 426 Chariclus
1296 395 1412 430 filium.
1433 402 1558 436 vatem,
1581 407 1644 437 per
1656 403 1790 437 septem
1813 405 1948 429 aetates

160 449 303 488 (γενεάς)
327 449 432 480 vitam
455 448 662 489 produxisse
684 447 867 480 finxerunt.
912 448 963 479 Ea
986 448 1118 479 ratione
1140 450 1322 490 aequalem
1353 460 1430 481 eum
1455 457 1588 490 septem
1612 451 1753 491 regibus
1776 451 1951 483 Thebanis

162 514 185 535 a
207 503 340 536 Cadmo
373 504 417 534 ad
447 503 714 540 Thersandrum,
746 502 922 543 Polynicis
950 502 1064 538 filium.
1098 503 1260 542 fecerunt,
1291 504 1415 544 quibus
1451 505 1507 536 ille
1540 505 1698 536 omnibus
1732 505 1950 537 consiliorum

162 563 282 590 auctor
301 563 336 589 et
358 557 494 588 divinae
517 557 704 588 voluntatis
725 557 895 597 interpres
919 556 1029 592 fuerit.
1064 558 1174 589 donec
1195 564 1372 598 postremo
1394 565 1498 599 capta
1520 560 1564 590 ab
1584 559 1751 600 Epigonis
1775 560 1858 591 urbe
1882 570 1949 591 una

160 621 238 644 cum
255 611 415 643 Cadmeis
430 621 474 642 ex
491 611 604 651 patria
627 611 800 651 emigrans
821 611 943 642 eadem
966 611 1023 642 illa
1045 617 1156 647 nocte,
1181 611 1379 643 Thebarum
1402 613 1490 643 cladi
1514 623 1558 644 ne
1578 623 1680 644 unum
1704 613 1842 653 quidem
1859 614 1951 646 diem

161 672 330 707 supertes,
352 666 385 696 in
409 666 530 697 itinere
552 665 726 697 extinctus
750 665 802 696 sit.

310 718 392 753 Sed.
416 727 453 751 ut
477 720 584 751 ferme
607 720 654 755 fit,
678 720 943 761 pulcherrimum
966 721 1030 751 hoc
1054 721 1237 755 inventum.
1267 732 1287 752 a
1317 722 1520 762 posterioris
1553 723 1719 763 temporis
1743 724 1952 762 auctoribus,

159 774 219 816 qui
241 775 412 806 rationem
436 775 642 815 Delphicam
667 782 726 806 aut
747 775 963 815 ignorabant,
987 782 1045 805 aut
1067 775 1244 815 corrigere
1274 786 1378 816 posse
1400 777 1464 807 sibi
1488 777 1696 812 viderentur.
1730 778 1952 809 obscuratum

161 837 196 862 et
229 836 427 870 corruptum
463 840 540 860 eum
575 830 607 860 in
631 831 771 861 modum
794 838 856 864 est.
892 837 927 861 ut
962 839 1048 860 nunc
1079 830 1327 870 pedetemptim
1358 831 1618 871 progrediendo
1655 842 1699 862 ex
1723 832 1895 863 cineribus
1918 838 1951 864 et

159 883 304 925 pulvere
327 884 361 914 id
386 883 459 914 erui
481 890 651 923 oporteat.
696 883 783 914 Huic
814 883 904 914 enim
938 891 1008 914 tam
1042 883 1226 924 perspicuo
1261 891 1395 924 septem
1430 892 1582 916 aetatum
1613 892 1776 926 computo
1800 886 1951 917 oblatrat

160 937 255 969 sama
286 939 330 969 ab
363 938 584 979 Apollodoro
619 946 790 971 enarrata.
825 947 894 978 qua
917 937 1073 968 Tiresiae
1095 938 1237 978 puerilis
1260 945 1359 970 aetas
1381 949 1450 970 non
1474 939 1605 971 Cadmo
1630 940 1784 980 aequalis
1805 941 1951 981 ponitur.

160 991 223 1022 sed
257 991 433 1031 aliquanto
464 998 544 1031 post
582 990 758 1022 Cadmum.
804 991 973 1022 Tiresiam
1012 992 1100 1022 enim
1132 992 1180 1022 ait
1209 992 1448 1032 Apollodorus
1482 1004 1583 1024 unum
1618 1004 1663 1025 ex
1688 994 1799 1025 Udaei
1833 993 1950 1035 Sparti

158 1045 310 1086 posteris
333 1044 447 1077 fuisse.
486 1045 652 1085 Apollod.
669 1045 749 1080 [11³3
769 1070 776 1081 ,
798 1045 826 1080 7,
853 1047 882 1077 l:
904 1046 943 1084 ἦν
959 1071 965 1077 .
982 1072 988 1077 .
1006 1071 1012 1077 .
1030 1046 1140 1086 μάντις
1170 1047 1340 1087 Τειρεσίας
1363 1047 1508 1087 Εὐήρους
1534 1049 1585 1079 καὶ
1608 1048 1788 1088 Χαρικλοῦς
1810 1049 1949 1088 νύμφης,

158 1100 224 1132 ἀπὸ
239 1101 355 1140 γένους
371 1101 513 1132 Οὐδαίου
527 1102 585 1132 τοῡ
609 1101 768 1138 Σπαρτοῦ.
813 1100 1028 1140 Spartorum.
1053 1101 1110 1140 qui
1134 1112 1178 1132 ex
1203 1102 1364 1132 dentibus
1380 1103 1540 1133 draconis
1563 1113 1584 1133 a
1604 1102 1734 1134 Cadmo
1758 1103 1791 1133 in
1814 1113 1946 1135 semen-

159 1154 220 1186 tim
257 1154 388 1195 sparsis
421 1154 534 1185 exorti
564 1154 732 1188 dicuntur.
771 1154 922 1194 quinque
956 1161 1087 1185 tantum
1121 1165 1165 1186 ex
1202 1161 1319 1186 mutua
1353 1156 1461 1186 caede
1499 1156 1704 1196 superstites
1740 1155 1821 1188 facti
1854 1163 1949 1188 sunt:

158 1207 275 1241 Schol.
293 1208 407 1248 Eurip.
423 1208 553 1239 Phoen.
578 1218 607 1238 v.
624 1209 700 1239 942:
724 1209 753 1239 oi
775 1209 1033 1248 περιλειφθέντες
1049 1212 1112 1241 τῶν
1128 1210 1295 1248 Σπαρτῶν,
1317 1210 1363 1248 ὼς
1386 1209 1548 1249 Αἰσχύλος
1570 1211 1680 1249 φησὶν,
1703 1210 1788 1249 ἦσαν
1804 1211 1949 1251 Χθόνιος,

159 1262 308 1301 Οὐδαῖος,
330 1262 496 1302 Πέλωρος,
517 1259 714 1301 Ὑπερήνωρ,
740 1258 861 1301 Ἐχίων.
885 1263 972 1294 conf.
997 1263 1203 1303 Apollodor.
1238 1263 1296 1298 ΙΙΙ.
1320 1265 1350 1303 4,
1377 1265 1403 1301 1,
1425 1265 1454 1294 5.
1510 1263 1568 1295 Ab
1591 1265 1644 1294 his
1679 1263 1825 1305 Spartis,
1859 1275 1947 1305 quos

157 1317 234 1349 urbi
268 1318 470 1349 condendae
504 1317 598 1349 cives
631 1317 866 1357 adscripserat
902 1317 1052 1348 Cadmus
1082 1318 1210 1356 (Schol.
1235 1318 1313 1349 Eur.
1340 1318 1401 1350 Ph.
1426 1318 1511 1357 941),
1549 1319 1682 1350 nobiles
1717 1319 1946 1351 Cadmeorum

157 1378 284 1413 gentes
301 1372 394 1412 apud
410 1371 598 1403 Thebanos
621 1382 658 1402 se
676 1372 888 1403 descendere
902 1373 1150 1412 gloriabantur,
1167 1371 1282 1403 Schol.
1299 1372 1378 1403 Eur.
1394 1371 1523 1404 Phoen.
1542 1373 1619 1404 795:
1639 1374 1796 1412 Σπαρτῶν
1816 1375 1947 1412 γένναν]

157 1427 237 1466 τοὺς
267 1427 429 1466 θηβαίους
464 1427 562 1464 λέγει·
593 1427 624 1459 οἱ
655 1428 717 1465 γὰρ
739 1428 997 1466 περιλειφθέντες
1019 1428 1054 1459 ἐκ
1077 1430 1140 1459 τῶν
1163 1429 1316 1466 σπαρτῶν
1338 1426 1483 1459 ὀδόντων
1505 1429 1563 1459 τοῦ
1585 1427 1766 1467 δράκοντος
1788 1432 1853 1461 τῶν
1876 1429 1950 1468 ἑξῆς

156 1481 288 1514 πάντων
320 1481 382 1513 εἰσὶ
419 1481 584 1520 πρόγονοι.
640 1481 732 1512 Nota
765 1491 821 1512 res
855 1488 907 1512 est
930 1482 974 1512 de
997 1481 1236 1521 Epaminonda
1258 1480 1357 1512 unius
1388 1491 1408 1511 e
1430 1480 1568 1521 Spartis
1590 1482 1776 1522 abnepote,
1799 1482 1946 1514 Pausan.

157 1533 252 1570 Vm.
279 1536 326 1570 11,
349 1536 378 1566 8.
413 1534 502 1566 cons.
527 1535 626 1575 plura
662 1535 693 1566 in
717 1535 846 1566 nostris
870 1535 1033 1575 Prolegg.
1057 1536 1102 1566 ad
1124 1535 1264 1566 Pindari
1297 1545 1435 1566 carmen
1463 1535 1566 1577 Pyth.
1590 1535 1653 1567 ΙΧ.
1676 1535 1830 1572 Bonnae,
1858 1538 1948 1576 1883,

155 1597 190 1630 p.
214 1589 262 1620 16.
306 1588 379 1619 Iam
403 1588 508 1629 igitur
532 1589 589 1629 qui
613 1589 781 1620 Tiresiam
805 1598 943 1629 quoque
967 1599 1010 1620 ex
1038 1589 1146 1620 Udaei
1170 1589 1289 1630 Sparti
1315 1599 1447 1630 genere
1481 1590 1662 1621 oriundum
1683 1591 1943 1630 praedicabant.

158 1652 221 1675 eos
242 1649 472 1674 commentum
496 1643 577 1674 illud
601 1644 645 1674 de
669 1651 813 1684 septem,
847 1644 972 1684 quibus
998 1644 1141 1675 vixisset
1164 1644 1325 1682 Tiresias,
1356 1644 1529 1676 aetatibus
1551 1645 1644 1675 nullo
1668 1645 1774 1676 modo
1796 1646 1947 1686 probare

157 1697 314 1739 potuisse
336 1697 554 1729 manifestum
580 1704 642 1730 est.
689 1697 786 1730 Haec
809 1699 913 1739 igitur
936 1699 1015 1729 talis
1038 1700 1081 1729 de
1103 1698 1239 1730 Tiresia
1261 1699 1374 1730 Udaei
1397 1704 1525 1739 nepote
1547 1699 1603 1730 vel
1626 1705 1821 1740 pronepote
1843 1698 1945 1739 fama,

156 1761 257 1793 quae.
275 1753 368 1793 quod
391 1753 589 1787 concedam,
615 1753 694 1784 olim
717 1752 864 1785 fortasse
880 1754 1059 1794 popularis
1083 1760 1118 1785 et
1139 1753 1329 1784 domestica
1352 1753 1482 1784 Thebis
1502 1752 1574 1787 fuit.
1597 1754 1641 1784 ab
1661 1753 1802 1784 nimium
1819 1754 1945 1785 sedulis

157 1806 361 1848 posterioris
397 1807 563 1848 temporis
597 1808 845 1848 chronologiae
879 1807 1140 1843 scrutatoribus.
1171 1808 1263 1838 velut
1286 1809 1330 1838 ab
1352 1807 1583 1848 Apollodoro,
1611 1808 1643 1838 in
1674 1808 1854 1839 doctarum
1878 1808 1946 1839 dis·

157 1861 373 1902 putationum
386 1862 495 1893 lucem
509 1868 544 1892 et
558 1863 766 1903 palaestram
778 1868 956 1902 protracta
972 1869 1024 1893 est
1040 1871 1116 1893 earn
1128 1862 1237 1892 solam
1251 1861 1374 1902 opinor
1390 1862 1435 1892 ob
1448 1871 1615 1896 caussam.
1634 1868 1670 1892 ut
1687 1867 1839 1893 veterem
1852 1861 1944 1893 illam

155 1915 417 1956 chronologiam
441 1915 647 1957 Delphicam
673 1916 879 1948 refellerent.

366 2069 410 2100 12.
455 2069 694 2110 Anagraphae
717 2069 911 2110 Delphicae
933 2080 1054 2111 regum
1078 2070 1105 2101 T
1109 2071 1320 2101 hebanorum
1344 2080 1420 2101 eam
1445 2071 1596 2110 speciem
1620 2070 1736 2106 fuisse,

669 2130 705 2155 ut
729 2124 881 2155 Tiresias
904 2124 972 2155 iarn
995 2125 1125 2156 Cadmo
1148 2124 1353 2155 vaticinatus
1376 2124 1430 2156 sit.

304 2214 434 2247 Verum
468 2216 512 2247 nil
550 2217 819 2257 desperandum3
856 2227 935 2248 nam
972 2217 1028 2248 ille
1065 2226 1176 2248 rerum
1200 2216 1443 2247 Thebanarum
1480 2225 1601 2252 canon,
1638 2226 1740 2256 quem
1777 2215 1940 2256 Delphici

160 2269 362 2302 sacerdotes
388 2270 585 2311 posteritati
611 2271 846 2312 propinarunt.
877 2278 912 2303 et
934 2282 997 2302 sua
1024 2271 1238 2312 praestantia
1260 2271 1418 2311 splendet
1448 2275 1482 2302 et
1505 2270 1650 2302 testibus
1672 2270 1772 2302 nobis
1794 2270 1942 2302 luculen-

157 2323 300 2356 tissimis
323 2324 469 2356 traditus
491 2331 564 2357 est:
594 2325 712 2356 nititur
745 2325 891 2357 Hesiodi
915 2331 950 2357 et
972 2325 1170 2357 Callimachi
1194 2325 1411 2361 auctoritate,
1443 2335 1513 2365 qua
1541 2325 1585 2356 de
1608 2335 1646 2356 re
1667 2325 1735 2356 iam
1764 2324 1942 2365 praeclare

153 2377 243 2410 dixit
276 2377 319 2410 O.
340 2377 495 2415 Mueller.
532 2378 724 2411 Orchom.²
746 2390 778 2420 p.
802 2380 873 2412 219.
932 2380 1054 2420 Itaque
1085 2379 1196 2420 primo
1224 2380 1302 2411 loco
1340 2379 1644 2411 demonstrandum
1675 2389 1765 2411 nunc
1799 2385 1867 2414 est.
1908 2379 1941 2409 in
