2221 3038
1003 256 1074 287 XV

139 352 231 392 ἴδμεν
251 356 263 393 ss
285 354 414 392 Θνητοῑς
437 352 637 391 ἀνθρώποις·
661 352 718 382 νῦν
741 350 768 382 δ’
793 350 869 382 οὐδέ
893 360 928 387 με
951 350 1068 380 τυτθὸν
1090 349 1211 386 ἔτισας,
1234 348 1246 386 {l
1269 347 1308 386 ὃς
1331 347 1367 383 γέ
1389 356 1426 384 με
1450 346 1571 384 μακρὸν
1592 345 1710 384 ἔθηκας
1731 345 1815 383 ἔχειν
1832 344 1933 376 αἰῶνα

141 408 223 448 βίοιο
244 408 258 447 ξι
279 407 360 440 ἑπτά
383 408 413 445 μ’
435 407 487 438 έπὶ
509 407 602 438 ζώειν
623 405 738 443 γενεὰς
761 405 909 444 μερόπων
930 403 1122 442 ἀνθρώπων.
1159 402 1303 433 'szetzes
1326 401 1346 432 l.
1370 410 1396 431 s.
1419 400 1512 440 quod
1535 400 1579 430 de
1601 408 1726 430 novem
1750 398 1932 434 aetatibus,

141 471 228 503 quas
250 461 403 492 nonnulli
426 460 581 491 Tiresiae
604 459 767 493 tribuant,
790 458 974 492 fabulatur,
998 466 1066 487 non
1089 466 1251 496 magnam
1284 455 1387 486 fidem
1410 460 1578 490 meretur:
1606 453 1742 494 plurimi
1775 458 1934 483 auctores

141 516 342 557 septenario
364 524 506 546 numero
531 514 804 555 patrocinantur;
828 513 957 554 Hygin.
981 512 1050 543 sab.
1074 511 1132 542 75:
1163 510 1212 540 A!
1242 508 1331 540 lor-is
1359 508 1394 538 ob
1425 506 1574 549 idsccil,
1605 509 1644 537 ut
1670 510 1789 548 septem
1812 508 1935 537 aetates

140 568 271 601 viveret
283 571 438 610 vatesque·
446 570 583 610 praeter
598 570 720 598 ceteros
735 566 890 598 morlalcs
911 568 1002 597 essct.
1030 566 1187 606 Phlegon
1211 565 1282 603 περὶ
1304 567 1441 602 θαυμασ.
1465 564 1498 594 4:
1522 563 1579 594 τὸν
1595 563 1630 594 δὲ
1647 562 1713 594 Δία
1727 562 1935 601 δωρήσασθαι

142 624 231 666 αὐτῷ
252 625 311 662 τὴν
333 624 484 662 μαντικὴν
506 624 557 655 καὶ
581 624 670 662 βιοῦν
692 624 743 654 ἐπὶ
765 623 879 661 γενεὰς
909 621 997 653 ἑπτά,
1053 619 1160 660 Atqui
1197 618 1352 650 Tiresiae
1399 617 1569 652 vaticinia,
1617 626 1764 657 quorum
1801 615 1934 647 Cadmo

143 678 289 712 florente
321 678 487 710 memoria
520 684 591 708 tam
627 677 786 709 tenuibus
815 676 972 717 vestigiis
1002 675 1129 714 nititur,
1165 672 1414 714 progrediente
1440 677 1598 711 tempore
1620 670 1733 710 magis
1754 670 1936 710 magisque

142 734 373 766 inclaruerunt
405 739 439 764 et
462 743 524 773 per
547 732 667 764 Cadmi
701 740 938 763 successorum
971 738 1081 770 regna
1101 737 1276 768 nunquam
1319 726 1443 758 feriata
1476 731 1563 757 sunt.
1608 724 1791 765 Excipiunt
1820 729 1935 755 autem

144 787 312 820 Cadmum
326 787 361 818 hi
377 797 441 818 sex
455 796 572 827 reges:
596 786 791 826 Polydorus
814 784 969 819 (Hesiod.
992 783 1124 823 Theog.
1147 783 1226 813 978:
1255 781 1374 822 Κάδμῳ
1399 780 1426 813 δ’
1442 778 1602 819 Ἁρμονίη,
1630 779 1772 818 θυγάτηρ
1794 779 1936 818 χρυσέης

143 842 339 882 Ἀφροδίτης
361 842 374 882 Η
396 867 403 873 .
421 867 427 873 .
445 866 451 872 .
467 842 595 878 γείνατο
618 841 668 872 καὶ
690 840 892 878 Πολύδωρον
914 838 1105 879 ἐϋστεφάνῳ
1129 838 1174 869 ἐνὶ
1197 837 1301 877 Θήβῃς
1334 841 1368 867 et
1390 835 1519 866 Herod.
1543 834 1586 870 V,
1616 834 1670 871 59;
1699 832 1816 865 Schol.
1839 833 1937 865 Pind.

144 896 200 930 Ol.
232 896 275 931 11.
308 898 345 928 16
374 907 406 937 p.
433 897 473 927 62
513 895 602 927 med.
632 896 684 926 ed.
712 894 880 933 Boeckh),
918 893 1111 931 Labdacus,
1148 891 1263 926 Laiusu
1309 890 1476 930 Oedipus,
1513 889 1699 929 Polynices
1738 887 1938 927 (Eteocles),

143 951 365 983 Thersander
387 950 608 986 (Laodamas,
628 949 790 989 Apollod.
815 948 874 980 111.
893 948 921 987 7,
943 950 972 981 ΞΒ.
996 949 1026 982 l:
1051 947 1150 977 Paus.
1175 945 1240 980 IX,
1262 946 1294 981 9,
1322 946 1365 983 5).

294 1006 492 1037 Thebarum
515 1005 547 1035 in
573 1003 808 1044 Epigonorum
830 1003 922 1034 bello
944 1002 1040 1033 urbis
1062 1001 1276 1041 expugnatio
1300 999 1457 1031 Tiresiae
1481 1009 1620 1040 quoque
1643 1004 1847 1038 exoptatum
1870 997 1938 1028 iarn

145 1061 280 1102 pridem
303 1059 406 1091 finem
429 1059 522 1090 vitae
545 1059 665 1090 attulit.
714 1057 862 1098 Epigoni
898 1057 985 1087 duce
1007 1055 1230 1086 Thersandro
1254 1064 1331 1086 curn
1356 1054 1466 1085 atroci
1488 1053 1620 1094 proelio
1637 1053 1729 1092 apud
1745 1051 1938 1083 Glisantem

147 1115 265 1150 (Paus.
299 1114 363 1153 IX,
395 1114 425 1150 9,
459 1114 492 1152 4)
536 1112 709 1144 Cadmeos
742 1112 775 1143 in
813 1111 931 1152 fugam
968 1110 1209 1143 coniecissent,
1248 1119 1318 1149 quo
1360 1109 1496 1149 proelio
1533 1108 1746 1146 Laodamas,
1789 1105 1940 1137 Eteoclis

146 1168 246 1209 filius,
268 1168 404 1200 fortiter
426 1168 618 1199 dimicando
641 1167 861 1202 occubuerat,
882 1165 963 1196 w'cti
987 1164 1197 1205 aliquamdiu
1219 1163 1402 1194 moenibus
1420 1162 1515 1193 urbis
1540 1172 1577 1193 se
1601 1162 1701 1192 tutati
1725 1166 1812 1192 sunt.
1850 1160 1939 1191 Tum

147 1221 310 1257 Tiresias,
347 1221 442 1262 quod
479 1227 692 1262 postremum
721 1219 795 1251 eius
817 1219 1014 1250 vaticinium
1038 1219 1110 1258 fuit,
1145 1217 1299 1248 obsessis
1323 1217 1441 1256 suasit,
1477 1224 1514 1247 ut
1549 1225 1758 1256 praeconem
1789 1215 1832 1246 de
1854 1214 1940 1245 urbe

148 1276 309 1308 dedenda
343 1275 518 1307 mitterent
552 1281 657 1316 atque
693 1274 759 1315 ipsi
793 1275 857 1305 sub
891 1274 1002 1304 noctis
1026 1274 1132 1304 tutela
1155 1272 1360 1313 effugerent.
1394 1272 1558 1312 Apollod.
1578 1270 1637 1308 ΙΙΙ,
1660 1271 1688 1305 7,
1712 1273 1740 1310 3,
1766 1271 1798 1302 1:
1827 1269 1941 1301 κτείνει

150 1331 368 1370 Λαοδάμαντα
383 1325 610 1369 ..Ἀλκμαίων
626 1355 633 1361 .
651 1329 703 1361 καὶ
727 1329 804 1368 μετά
834 1328 891 1360 τὸν
923 1327 1038 1359 τούτου
1071 1327 1211 1358 θάνατον
1245 1327 1376 1364 Θηβαῖοι
1409 1326 1653 1364 συμφεύγουσιν
1691 1324 1737 1364 εἰς
1773 1325 1813 1356 τὰ
1845 1323 1940 1363 τείχη.

148 1385 316 1425 Τειρεσίου
349 1386 385 1418 δὲ
419 1384 570 1423 εἰπόντος
608 1384 717 1422 αὐτοῖς
733 1407 739 1413 .
756 1407 762 1414 .
781 1382 924 1421 ,κήρυκα
959 1382 1029 1420 περὶ
1061 1381 1240 1419 διαλύσεως
1271 1380 1492 1418 ἀποστέλλειν,
1522 1379 1640 1418 αὐτοὺς
1664 1380 1699 1411 δὲ
1722 1378 1863 1418 φεύγειν,
1887 1402 1894 1410 .
1910 1402 1941 1409 ..

149 1440 270 1480 κήρυκα
298 1440 489 1478 πέμπουσιν,
523 1439 614 1470 αὐτοὶ
648 1439 683 1470 δὲ
716 1437 971 1476 ἀναβιβάσαντες
1007 1437 1057 1467 ἐπὶ
1078 1436 1135 1474 τὰς
1158 1435 1286 1474 ἀπήνας
1309 1435 1404 1466 τέκνα
1431 1434 1482 1466 καὶ
1503 1435 1656 1472 γυναῖκας
1679 1433 1713 1465 ἐκ
1735 1435 1794 1472 τῆς
1815 1432 1942 1471 πόλεως

150 1494 300 1534 ἔφευγον.
340 1493 452 1525 Noctu
464 1493 612 1532 (νύκτωρ,
631 1492 812 1533 Apollod.)
843 1500 1007 1531 egressos
1031 1489 1182 1520 Tiresias
1208 1489 1407 1524 comitatur:
1431 1497 1640 1528 quamquam
1655 1492 1780 1528 postea
1796 1486 1942 1521 fuerunt,

149 1547 209 1590 qui
230 1547 411 1589 Epigonos
434 1547 602 1578 Tiresiam
624 1554 661 1576 ut
685 1545 1027 1587 praestantissumam
1066 1546 1222 1585 praedae
1243 1551 1377 1585 partem
1400 1543 1560 1584 Delphos
1581 1542 1716 1573 misisse
1748 1545 1942 1572 narrarent:

149 1602 253 1634 Paus.
275 1601 339 1642 IX,
361 1603 411 1638 33,
431 1603 458 1634 1.
515 1601 591 1633 Hoc
613 1602 688 1636 iter.
721 1601 959 1641 qualecunque
983 1599 1055 1631 fuit.
1098 1599 1267 1630 Tiresiam
1290 1597 1478 1630 senectutis
1501 1602 1634 1638 septem
1662 1601 1815 1627 aetatum
1836 1603 1941 1626 onere

152 1656 291 1689 levavit.
335 1655 421 1688 Cum
443 1656 488 1687 ad
511 1656 730 1696 Tilphussam
755 1655 894 1690 fontem,
920 1654 1073 1694 Apollini
1096 1663 1231 1685 sacrum
1254 1653 1394 1693 (Hymn.
1417 1652 1532 1692 Apoll.
1561 1651 1663 1691 Pyth.
1685 1651 1771 1690 208),
1802 1654 1942 1680 ventum

153 1717 258 1747 aeset.
287 1711 439 1742 Tiresias
469 1717 553 1751 potu
585 1711 664 1741 inde
698 1710 822 1741 hausto
845 1709 950 1740 vitam
976 1709 1183 1749 longaevam
1213 1708 1349 1748 placida
1371 1712 1482 1737 morte
1509 1704 1631 1744 finivit3
1663 1704 1829 1744 Apollod.
1852 1703 1873 1734 1.
1897 1712 1943 1737 5.;

155 1764 220 1798 ἀπὸ
248 1766 368 1805 ταύτης
396 1766 479 1797 πιὼν
513 1767 613 1797 αὐτοῦ
648 1766 704 1797 τὸν
737 1765 806 1804 βίον
842 1765 1068 1803 κατέστρεψεν.
1123 1762 1222 1793 Hanc
1256 1763 1299 1792 de
1332 1760 1488 1792 Tiresiae
1521 1759 1614 1790 vitae
1641 1768 1741 1790 cursu
1763 1758 1943 1789 historiam

154 1819 284 1851 oraculi
314 1819 475 1860 Delphici
507 1819 669 1860 auspiciis
704 1819 876 1850 conditam
903 1825 937 1849 et
967 1817 1156 1858 expolitam
1194 1826 1282 1850 esse.
1317 1826 1383 1846 non
1408 1821 1460 1846 est
1482 1814 1577 1855 quod
1600 1813 1780 1854 operosius
1803 1813 1943 1843 demon·

157 1879 314 1906 stremus.
356 1874 510 1914 Apollini
544 1884 643 1905 sacer
666 1881 719 1904 est
742 1883 902 1904 numerus
927 1871 1151 1913 septenarius,
1174 1871 1328 1912 inprimis
1362 1869 1528 1910 septimus
1550 1874 1635 1908 quot
1657 1867 1831 1899 mensibus
1853 1867 1944 1903 dies;

156 1927 332 1960 Hesiodus
353 1928 432 1967 ἔργα
455 1928 528 1960 771;
553 1931 592 1968 τῇ
614 1929 676 1967 γὰρ
700 1924 890 1960 Ἀπόλλωνα
911 1927 1079 1966 χρυσάορα
1100 1927 1228 1964 γείνατο
1250 1925 1360 1964 Λητώ;
1383 1925 1462 1955 inde
1484 1919 1864 1962 ηοιτιεηἙβδομαγένης
1887 1921 1944 1959 (de

156 1991 226 2023 quo
247 1988 390 2014 accentu
411 1982 499 2014 cons.
522 1982 745 2020 Lobeckium,
762 1982 938 2022 Aglaoph.
960 1992 990 2022 p.
1014 1982 1088 2018 4:³4)
1111 1981 1177 2012 deo
1203 1980 1396 2021 proprium,
1419 1978 1508 2010 Plut.
1524 1977 1665 2018 Quaest.
1681 1986 1830 2017 sympos.
1848 1975 1942 2009 V111.

159 2038 188 2077 1,
210 2038 243 2068 2:
266 2037 385 2077 ἑβδόμῃ
401 2061 407 2068 .
425 2061 432 2068 .
449 2062 454 2068 .
471 2036 673 2076 ἑορτάζουσι·
705 2037 755 2067 καὶ
783 2036 839 2067 τὸν
872 2037 948 2068 θεὸν
977 2036 1023 2075 ὼς
1052 2035 1150 2075 ταύτῃ
1181 2034 1358 2072 γενόμενον
1386 2034 1475 2072 ὑμεῖς
1493 2058 1499 2064 .
1517 2058 1523 2064 .
1539 2032 1569 2064 οἱ
1590 2034 1753 2071 προφῆται
1776 2031 1827 2062 καὶ
1848 2031 1944 2069 ἰερεῑς

155 2087 376 2131 Ἐβδομαγένη
407 2093 538 2124 καλεῖτε.
588 2091 728 2122 Deinde
749 2090 987 2129 Ἑβδομαγέτην
1021 2090 1216 2130 Aeschylus
1252 2095 1353 2119 vocat
1379 2088 1474 2127 Sept.
1503 2088 1579 2119 800:
1609 2087 1667 2125 τὰς
1700 2088 1728 2117 δ’
1759 2085 1900 2125 ἑβδόμας
1926 2084 1944 2116 ὁ

157 2146 281 2185 σεμνὸς
303 2146 519 2185 ἑβδομαγέτης
541 2146 554 2185 {l
579 2146 748 2177 Ἀπόλλων
771 2145 874 2176 εϊλετ’.
917 2145 1065 2175 Aetates
1089 2150 1232 2183 septem,
1261 2143 1385 2183 quibus
1407 2142 1495 2173 vixit
1517 2141 1678 2180 Tiresias,
1711 2150 1779 2171 non
1804 2139 1943 2170 dubium

159 2206 223 2238 est,
255 2201 337 2242 quin
371 2201 438 2232 sint
470 2210 636 2232 annorum
673 2209 898 2240 unaquaeque
935 2199 1028 2239 33¹s2.
1080 2198 1250 2230 Universa
1283 2197 1388 2237 igitur
1417 2206 1550 2227 summa
1569 2201 1641 2226 tam
1663 2194 1757 2225 vitae
1778 2193 1944 2227 Tiresiae,

159 2265 264 2297 quam
293 2265 413 2296 regum
454 2255 707 2294 Thebanorum,
742 2254 866 2295 quibus
903 2263 1015 2285 rerum
1053 2252 1244 2283 divinarum
1277 2250 1332 2281 ille
1367 2249 1678 2282 constantissumus
1716 2246 1945 2279 internuncius

160 2309 235 2345 fuit.
259 2319 369 2341 annos
391 2308 528 2341 conficit
547 2310 660 2350 233¹l3.
