2196 3006
1051 250 1135 281 VIII

201 353 333 391 κτύονες
357 351 506 389 ἐνίκησαν
531 348 658 385 ἑλόντες
688 347 810 384 Κύρραν
842 345 892 375 καὶ
925 344 943 375 ὁ
971 343 1059 380 ἀγὼν
1087 343 1105 374 ὁ
1135 343 1285 381 γυμνικὸς
1317 343 1409 380 ἐτέθη
1431 342 1624 381 χρηματίτης
1647 341 1711 372 ἀπὸ
1732 345 1797 373 τῶν
1820 342 1986 381 λαφύρων.

199 407 335 438 Deinde
358 405 390 435 in
421 405 531 434 altera
560 401 730 441 Pythiade
753 398 960 430 celebranda
985 398 1028 427 ab
1050 398 1115 427 hac
1138 397 1387 427 consuetudine
1409 396 1457 427 ita
1479 396 1668 426 discessum
1692 401 1754 431 est,
1793 401 1830 426 ut
1860 396 1985 435 spretis

200 462 265 492 illis
288 459 447 500 praemiis
472 456 676 497 pecuniariis
701 453 993 493 Amphictyonum
1022 452 1163 482 decreto
1187 451 1258 481 ludi
1281 451 1442 490 Delphici
1464 451 1531 481 iam
1555 451 1588 481 in
1612 451 1770 481 altiorem
1794 452 1889 481 illum
1913 459 1986 480 cer-

199 516 361 547 taminum
384 511 637 543 coronariorum
661 508 816 539 ordinem
838 507 1086 546 reciperentur;
1109 506 1256 536 Pausan.
1278 506 1299 537 l.
1324 516 1349 536 s.
1373 506 1400 546 ᾖ.
1425 507 1458 537 5:
1482 506 1614 546 δευτέρᾳ
1638 507 1672 538 δὲ
1693 507 1829 537 Πυθιάδι
1852 506 1910 537 οὐκ
1932 504 1981 537 ἐπ’

202 570 310 608 ἄθλοις
334 568 492 599 ἐκάλεσαν
515 566 558 596 ἔτι
582 564 798 601 ἀγωνίζεσθαι,
823 562 1018 600 στεφανίτην
1042 561 1076 591 δὲ
1099 561 1156 592 τὸν
1179 560 1288 598 ἀγῶνα
1312 561 1375 592 ἀπὸ
1398 562 1514 593 τούτου
1535 562 1788 600 κατεστήσαντο.

349 623 420 652 Iam
438 621 465 651 si
481 620 556 659 quis
573 618 770 657 scrupulum
793 622 941 651 moveat,
966 625 1026 645 cur
1048 623 1117 644 non
1132 615 1279 655 primam
1303 616 1363 646 586
1386 625 1415 646 a.
1436 615 1522 650 Chr„
1539 616 1601 646 sed
1617 616 1763 646 alteram
1779 616 1988 656 Pythiadem

204 680 262 710 582
294 689 322 708 a.
353 676 428 707 Chr.
461 674 660 704 sacerdotes
684 671 845 710 Delphici
868 680 932 710 pro
957 669 1103 700 termino
1129 670 1306 709 elegerint,
1338 670 1428 700 unde
1452 670 1484 699 in
1508 670 1722 709 temporibus
1745 669 1986 710 computandis

207 731 512 772 proficiscerentur,
531 737 662 766 caussa,
681 726 812 765 opinor,
829 725 921 755 haud
944 735 1027 755 sane
1050 725 1229 755 recondita
1246 729 1307 755 est.
1344 724 1534 764 Pythiades
1551 724 1639 755 enim
1657 725 1723 755 illis
1744 724 1988 756 vetustissimis

202 791 283 826 post
312 785 438 815 bellum
470 783 645 813 Crisaeum
672 779 886 820 temporibus
918 779 1055 809 omnino
1083 779 1235 809 nondum
1266 779 1417 809 numeris
1445 779 1614 809 continuis
1644 779 1878 819 signabantur.
1923 779 1990 810 Hic

205 851 280 871 mos
303 844 425 879 postea
449 838 584 867 demum
607 836 651 866 ad
676 834 921 875 Olympiadum
945 833 1141 872 exemplum
1165 833 1339 863 institutus
1365 838 1425 863 est.
1470 833 1542 863 Iam
1565 834 1671 873 igitur
1694 844 1770 864 cum
1792 834 1907 873 prisco
1929 834 1988 864 illo

204 901 359 934 tempore
376 901 483 922 annus
500 895 613 921 certus
631 895 664 920 et
681 890 823 929 epocha,
847 889 938 919 unde
961 896 1081 927 regum
1099 888 1322 927 anagraphae
1339 892 1630 927 computarentur,
1649 887 1843 918 definienda
1863 893 1988 923 essent,

204 959 271 980 non
296 958 335 978 ea
359 952 433 977 erat
457 946 564 985 optio,
585 950 699 974 utrum
723 944 832 983 prima
855 943 1000 983 Pythias
1034 941 1230 981 eligeretur,
1265 952 1308 971 an
1343 951 1450 972 annus
1482 951 1550 981 quo
1578 942 1649 972 ludi
1677 942 1792 982 Pythii
1820 942 1990 972 coronarii

204 1002 284 1033 facti
306 1006 392 1036 sunt,
417 1001 478 1030 sed
502 1000 535 1029 id
553 998 794 1029 diudicandum
814 1003 896 1037 erat,
921 1001 1057 1027 essetne
1074 996 1189 1036 potior
1205 996 1232 1026 is
1252 1006 1370 1031 annus,
1394 1006 1462 1036 quo
1485 997 1635 1036 gymnici
1658 997 1729 1026 ludi
1752 996 1877 1027 adiecti
1900 1001 1987 1033 sunt,

205 1067 246 1087 an
272 1056 309 1093 is,
334 1066 401 1095 quo
426 1059 535 1085 totum
561 1058 735 1084 certamen
758 1052 790 1082 in
815 1052 970 1082 altiorem
995 1056 1029 1081 et
1051 1051 1255 1081 sanctiorem
1275 1051 1422 1090 gradum
1445 1051 1603 1081 ludorum
1628 1057 1785 1082 evectum
1809 1057 1870 1083 est.
1913 1051 1990 1082 Hae

203 1111 342 1150 optione
367 1110 484 1140 oblata
508 1107 726 1138 manifestum
749 1107 865 1137 hercle
890 1112 951 1141 est,
977 1104 1292 1144 Amphictyonibus
1316 1105 1409 1135 illum
1433 1115 1567 1140 annum,
1591 1116 1660 1145 quo
1685 1116 1776 1146 agon
1801 1106 1992 1146 Delphicus

202 1166 397 1203 στεφανίτης
421 1163 533 1193 factus
557 1168 618 1197 est,
642 1162 753 1202 magis
777 1161 966 1201 gloriosum
984 1167 1017 1191 et
1040 1159 1265 1191 honorificum
1282 1160 1391 1190 videri
1415 1161 1585 1191 debuisse.
1619 1160 1720 1191 Hunc
1744 1160 1849 1200 igitur
1865 1170 1990 1191 annum

206 1219 338 1249 honore
361 1217 418 1247 illo
436 1225 538 1246 aerae
554 1215 769 1246 inchoandae
793 1215 990 1244 donandum
1019 1215 1254 1245 decreverunt.

210 1373 238 1403 7.
282 1372 403 1402 Attica
425 1371 523 1401 unius
547 1370 671 1401 aetatis
695 1379 856 1399 mensura
878 1370 921 1399 ab
949 1368 1120 1408 Delphica
1153 1370 1363 1409 aliquantum
1403 1369 1548 1401 diversa.
1592 1369 1785 1410 Delphicae
1813 1380 1994 1400 mensurae

376 1426 583 1456 luculentum
608 1429 659 1455 est
684 1425 927 1454 documentum
950 1424 1230 1454 Mermnadarum
1255 1425 1348 1464 apud
1371 1424 1588 1455 Herodotum
1613 1425 1825 1465 anagrapha.

356 1518 419 1549 His
451 1518 585 1548 interim
609 1517 641 1547 in
665 1517 862 1548 universum
885 1517 1083 1556 praemissis
1106 1517 1172 1547 iarn
1199 1517 1335 1556 singula
1359 1517 1551 1547 accuratius
1580 1522 1613 1547 et
1643 1516 1893 1557 pedetemptim
1916 1527 1995 1557 pro-

209 1573 400 1614 grediendo
430 1572 598 1602 firmanda
622 1576 710 1602 sunt.
755 1571 906 1601 Primum
930 1581 1013 1601 vero
1038 1571 1130 1607 illud,
1155 1571 1249 1610 quod
1272 1580 1377 1610 supra
1400 1571 1577 1610 posuimus
1602 1572 1906 1602 demonstrandum
1930 1571 1996 1601 erit

209 1637 402 1659 mensuram
425 1627 526 1665 illam,
559 1636 627 1665 qua
663 1631 858 1665 temporum
890 1625 1003 1664 spatia
1035 1625 1236 1656 sacerdotes
1257 1625 1419 1664 Delphici
1443 1627 1700 1665 computabant,
1732 1626 1838 1657 fuisse
1862 1632 1995 1658 aetates

206 1682 390 1719 hominum,
420 1681 545 1719 γενεάς,
578 1680 785 1710 tricenorum
809 1684 984 1710 ternorum
1016 1686 1050 1710 et
1073 1680 1205 1710 trientis
1229 1690 1404 1710 annorum.
1449 1681 1577 1711 Notum
1602 1686 1663 1716 est,
1692 1691 1761 1711 non
1783 1682 1872 1712 hanc
1894 1691 1997 1712 unam

207 1737 315 1767 solam
339 1736 445 1766 fuisse
462 1740 614 1765 aetatum
632 1734 902 1765 definiendarum
922 1734 1098 1765 rationem.
1142 1735 1303 1770 Fuerunt,
1327 1735 1385 1774 qui
1407 1740 1556 1766 aetatem
1578 1736 1720 1775 triginta
1737 1735 1833 1765 annis
1856 1735 1996 1766 circum-

206 1791 404 1824 scriberent,
438 1790 531 1830 quod
562 1794 614 1820 tot
637 1789 715 1819 anni
738 1789 908 1819 sufficiant
943 1790 986 1819 ad
1011 1789 1159 1829 aliquem
1180 1789 1230 1819 sui
1253 1789 1417 1819 vicarium
1440 1791 1690 1829 procreandum
1715 1795 1748 1821 et
1772 1790 1997 1822 educandum.

207 1845 261 1875 Ita
290 1844 420 1875 censuit
443 1844 639 1874 Heraclitus
675 1845 767 1883 apud
791 1844 963 1875 Plutarch.
990 1844 1032 1874 de
1056 1843 1135 1874 Def.
1160 1854 1249 1875 orac.
1278 1845 1328 1876 ll:
1357 1844 1410 1882 ἔτη
1442 1844 1612 1883 τριάκοντα
1639 1846 1767 1876 ποιοῦσι
1797 1845 1855 1883 τὴν
1882 1846 1998 1882 γενεὰν

207 1901 275 1930 καθ’
302 1898 519 1937 Ἡράκλειτον·
542 1898 576 1930 ἐν
599 1899 624 1939 ᾧ
647 1899 753 1939 χρόνῳ
775 1901 938 1935 γεννῶντα
961 1899 1091 1937 παρέχει
1114 1899 1170 1930 τὸν
1196 1898 1228 1931 ἐξ
1252 1899 1351 1930 αὑτοῦ
1374 1900 1608 1938 γεγεννημένον
1624 1900 1642 1931 ὁ
1661 1900 1832 1938 γεννήσας.
1871 1899 1998 1931 Censo-

205 1954 299 1983 rinus
328 1954 370 1983 de
402 1953 457 1983 die
486 1959 553 1984 nat.
581 1953 628 1989 17,
658 1955 692 1984 2:
722 1952 786 1993 qm*
814 1963 922 1983 annos
944 1952 1095 1994 lmgsz'nla
1117 1953 1287 1983 sacculum
1304 1954 1485 1994 jmlarunt,
1510 1953 1652 1983 multum
1676 1952 1836 1984 videntur
1858 1963 1998 1985 errasse.

207 2008 280 2038 Hoc
310 2007 399 2037 enim
433 2009 560 2047 tempus
592 2009 707 2045 γενεὰν
729 2007 846 2038 vocari
865 2007 1064 2038 [seraa-litus
1097 2009 1213 2037 auctor
1241 2009 1297 2043 csl,
1324 2006 1406 2048 quia
1430 2006 1518 2037 orbis
1539 2007 1661 2038 aestatis
1691 2006 1728 2037 z'n
1753 2018 1788 2038 eo
1810 2006 1859 2038 sit
1880 2007 1998 2048 spatio.

208 2062 294 2094 conf.
318 2062 405 2093 Plut.
430 2063 523 2094 Plac.
548 2063 628 2102 phil.
653 2062 695 2098 V,
722 2064 770 2093 24.
816 2063 934 2102 Atque
969 2063 1055 2093 haec
1083 2063 1303 2102 computandi
1331 2063 1420 2092 ratio
1447 2072 1609 2103 magnam
1634 2063 1876 2093 auctoritatem
1898 2069 1999 2094 nacta

211 2122 263 2147 est
284 2117 518 2157 latissimeque
543 2118 615 2148 eius
638 2127 722 2148 usus
745 2118 865 2157 patuit.
901 2118 987 2148 Eam
1005 2118 1092 2148 enim
1107 2117 1216 2148 Attici
1240 2117 1485 2157 antiquissimis
1500 2127 1614 2148 rerum
1631 2128 1768 2148 suarum
1785 2117 1998 2158 temporibus

209 2171 409 2202 ordinandis
438 2172 676 2211 adhibuerunt⁷
712 2173 1004 2212 quemadmodum
1042 2172 1238 2203 acutissime
1287 2172 1537 2202 demonstravit
1573 2172 1721 2203 Ioannes
1750 2173 1907 2209 Branffls,
1956 2173 2000 2203 de

209 2226 328 2265 Temp.
358 2225 479 2257 Graec.
504 2226 606 2266 antiq.
637 2227 759 2258 ration.
787 2227 953 2265 (Bonnae,
990 2227 1082 2266 1857)
1105 2237 1137 2266 p.
1169 2227 1215 2257 17.
1248 2226 1302 2256 Ex
1325 2227 1390 2256 hoc
1413 2227 1544 2257 calculo
1568 2226 1650 2257 illud
1675 2227 1878 2267 explicatur,
1904 2227 1999 2266 quod

208 2281 394 2320 sexaginta
417 2290 525 2310 annos
550 2280 657 2311 Attici
681 2280 769 2311 inter
796 2281 936 2311 Troiam
965 2286 1101 2321 captam
1134 2286 1168 2311 et
1202 2280 1466 2311 Heraclidarum
1504 2281 1761 2320 expeditionem
1801 2281 1999 2312 interiectos

209 2344 286 2365 esse
310 2340 507 2370 sanxerunt,
539 2345 606 2374 quo
644 2345 786 2366 numero
824 2336 912 2366 duae
934 2337 1042 2373 γενεαὶ
1064 2335 1314 2376 significantur;
1354 2335 1439 2366 conf.
1465 2334 1716 2374 Excerptorem
1740 2335 1934 2366 Barbarum
1966 2335 2000 2366 in
