2221 3038
961 276 1087 308 XXIII

126 371 185 402 vel
208 370 337 402 librarii
359 370 511 404 alicuius.
534 370 656 401 harum
681 380 794 401 rerum
816 370 1016 401 memoriam
1045 370 1155 401 minus
1189 375 1323 401 attente
1347 369 1603 409 conscribentis,
1635 370 1723 401 oculi
1746 380 1766 400 a
1800 371 1923 410 priore

126 425 266 457 nomine
287 425 331 456 ad
353 425 526 465 posterius
559 425 803 465 homonymum
837 425 1001 455 aberrare
1036 430 1232 464 potuerunt.
1290 424 1403 456 Locus
1433 430 1486 456 est
1518 423 1682 456 classicus
1716 424 1748 454 in
1783 424 1922 455 scholiis

127 479 330 514 Pindaricis.
352 488 422 520 quo
445 479 489 508 de
512 478 682 510 Theronis
698 488 907 519 proavorum
924 478 1005 509 fatis
1027 478 1111 509 satis
1132 479 1278 518 copiose
1294 478 1492 518 exponitur.
1514 478 1566 509 Ibi
1583 478 1616 509 in
1631 478 1778 510 lectione
1793 479 1921 509 tradita

128 533 163 565 in
183 533 362 565 codicibus
383 533 483 564 unius
507 533 747 563 tantummodo
769 532 968 564 Telemachi
990 532 1118 563 mentio
1139 531 1178 564 fit
1202 533 1312 572 eique.
1345 533 1440 573 quod
1473 533 1578 573 longe
1608 533 1918 572 perversissumum

130 593 195 624 est,
217 588 342 619 ambae
363 587 442 618 illae
458 587 703 628 expeditiones
726 587 940 618 tribuuntur:
965 587 1061 628 prior
1083 598 1102 618 e
1116 587 1230 618 Thera
1253 587 1285 618 in
1298 587 1474 625 Rhodum,
1498 594 1532 619 et
1555 587 1738 628 posterior,
1759 592 1922 628 quattuor

129 642 276 674 saeculis
307 652 329 672 a
359 641 475 682 priore
508 648 653 675 remota.
690 651 734 672 ex
758 641 888 672 Rhodo
912 642 945 672 in
969 641 1129 673 Siciliam.
1174 641 1362 672 Praeterea
1385 643 1492 674 verba
1515 643 1686 683 quaedem
1707 642 1922 673 conclamata

130 702 166 728 et
199 697 386 736 desperata
417 696 530 727 inesse
563 697 758 735 creduntur,
791 696 917 736 quibus
946 696 1099 726 nondum
1132 696 1313 736 quisquam
1355 703 1484 728 certam
1519 697 1723 728 medicinam
1758 696 1922 728 adhibuit.

130 749 294 782 Traditur
316 749 432 782 Schol.
457 750 554 781 Pind.
579 749 632 781 Ο1.
658 750 698 785 IL
722 751 762 782 82
784 760 816 790 p.
839 750 879 781 72
903 749 973 780 init.
998 755 1033 780 et
1055 750 1159 781 med.:
1185 751 1316 790 Κλύτιος
1340 751 1464 788 ἔμεινεν
1479 752 1514 783 έν
1537 751 1627 792 Θήρᾳ
1649 754 1687 792 τῇ
1710 752 1813 792 νήσῳ,
1843 752 1862 783 ὁ
1891 752 1926 783 δὲ

130 804 320 844 Τηλέμαχος
352 806 486 845 κατῴκει
509 806 544 836 ἐν
565 805 664 844 χώρᾳ,
699 804 775 836 ὅθεν
801 805 958 842 συλλέξας
980 804 1112 841 δύναμιν
1133 804 1258 843 ἔρχεται
1279 805 1324 844 εἰς
1348 806 1502 837 Σικελίαν.
1541 805 1738 836 Boeckhius
1760 806 1805 837 ad
1828 806 1894 845 χώρ

130 859 340 890 vocabulum
364 858 544 890 adscribit:
568 858 665 889 llaec
686 868 752 889 vox
774 860 887 899 ape-rte
908 860 1065 899 corrupta
1087 860 1145 890 est.

281 912 353 945 Sed
380 913 476 944 locus
499 914 591 944 omni
614 913 814 944 confusione
836 918 870 943 et
893 912 1084 943 litterarum
1107 914 1322 953 corruptelae
1333 914 1528 954 suspicione
1545 915 1720 951 liberatur,
1744 915 1771 945 si
1794 920 1925 946 statua·

134 976 220 1002 mus.
243 967 419 998 librarium
443 967 476 998 in
498 967 619 998 codice
644 967 833 998 vetustiore
855 966 1086 998 describendo
1108 978 1129 997 a
1154 968 1277 1007 prioris
1299 969 1327 999 T
1330 969 1495 1000 elemachi
1519 970 1564 1000 ad
1579 969 1782 1009 posterioris
1798 979 1923 1000 nomen

133 1021 319 1052 aberrasse
347 1022 487 1052 omissis
521 1022 692 1054 omnibus.
727 1031 816 1062 quae
839 1021 1016 1052 interiecta
1040 1028 1138 1052 erant
1161 1023 1204 1053 de
1227 1022 1343 1062 priore
1366 1023 1576 1055 Telemacho
1598 1024 1740 1065 eiusque
1764 1023 1922 1064 posteris,

135 1076 286 1117 denique
307 1077 351 1107 de
373 1075 516 1107 mirifica
540 1076 598 1107 illa
620 1078 798 1108 amborum
820 1076 993 1117 ὁμωνυμίᾳ.
1038 1075 1111 1106 Iam
1134 1075 1238 1116 igitur
1261 1083 1296 1107 ut
1320 1082 1355 1107 et
1377 1077 1449 1107 vitii
1472 1077 1572 1118 origo
1601 1079 1863 1115 demonstretur,
1889 1083 1923 1109 et

133 1140 265 1164 eorum.
296 1140 386 1171 quae
420 1131 602 1170 deperdita
636 1137 723 1168 sunt,
757 1137 1009 1171 argumentum,
1047 1136 1211 1169 quantum
1246 1129 1318 1161 fieri
1341 1131 1461 1171 possit,
1494 1132 1725 1167 adumbretur,
1763 1133 1853 1164 hunc
1892 1132 1925 1163 in

133 1186 273 1216 modum
296 1185 512 1225 grammatici
545 1186 653 1216 verba
683 1185 922 1225 redintegrare
949 1185 1022 1216 ausi
1045 1194 1175 1216 sumus:
1203 1185 1311 1224 Σάμος
1329 1210 1335 1216 .
1356 1186 1498 1224 ..ἔσχεν
1529 1186 1619 1225 υἱοὺς
1643 1187 1710 1225 δύο,
1738 1187 1926 1226 Τηλέμαχον

133 1240 185 1272 καὶ
207 1240 348 1276 Κλύτιον.
378 1239 425 1271 ὧν
447 1239 466 1271 ὁ
489 1241 547 1278 μὲν
570 1240 700 1278 Κλύτιος
735 1240 858 1277 ἔμεινεν
879 1241 914 1271 ἐν
937 1240 1028 1281 Θήρα
1050 1242 1088 1279 τῇ
1110 1241 1210 1280 νήσῳ,
1244 1240 1262 1271 ὸ
1285 1241 1320 1271 δὲ
1345 1237 1545 1282 [Τηλέμαχος
1575 1241 1710 1280 μετέστη
1734 1241 1779 1281 εἰς
1800 1238 1926 1280 Ῥόδον,

133 1293 233 1333 οὗπερ
255 1295 319 1326 τῶν
342 1294 514 1331 ἀπογόνων
537 1295 637 1326 αὑτοῦ
660 1295 882 1332 εὐτυχούντων
897 1295 942 1326 ἔτι
965 1295 1015 1326 καὶ
1038 1295 1056 1326 ὸ
1071 1296 1342 1334 τρισκαιδέκατος,
1366 1296 1492 1334 κληθεὶς
1516 1297 1566 1327 καὶ
1593 1293 1703 1338 αὐτὸς]
1730 1296 1925 1336 Τηλέμαχος,

133 1351 267 1390 κατῴκει
301 1350 336 1381 ἐν
359 1349 456 1389 χώρᾳ.
491 1349 567 1380 ὅθεν
601 1351 758 1388 συλλέξας
794 1349 928 1386 δύναμιν
959 1349 1085 1388 ἔρχεται
1120 1349 1165 1388 εἰς
1189 1350 1336 1381 Σικελίαν
1358 1351 1409 1381 καὶ
1432 1352 1539 1389 κρατεῖ
1561 1352 1626 1382 τῶν
1651 1351 1768 1382 τόπων.
1812 1351 1926 1383 Recte

132 1404 298 1445 scriptum
334 1410 386 1434 est
421 1404 457 1435 ἐν
490 1403 589 1444 χώρᾳ,
626 1404 721 1444 quod
751 1413 814 1434 usu
851 1404 1012 1444 loquendi
1043 1404 1200 1434 sollemni
1233 1410 1300 1434 est:
1329 1403 1414 1435 “suo
1448 1405 1537 1440 loco,
1573 1406 1651 1436 loco
1676 1401 1810 1443 suet0”;
1834 1405 1926 1438 Xen.

133 1457 216 1490 Oec.
239 1458 299 1492 111,
322 1459 357 1489 3:
388 1460 455 1497 τοῖς
480 1459 537 1495 μὲν
569 1458 652 1490 ὅπου
679 1459 790 1497 ἔτυχεν
817 1458 956 1490 ἕκαστον
988 1459 1227 1498 καταβέβληται,
1254 1461 1322 1498 τοῖς
1351 1461 1386 1491 δὲ
1421 1460 1456 1491 ἐν
1479 1461 1567 1500 χώρᾳ
1599 1460 1720 1491 ἕκαστα
1747 1461 1926 1498 τεταγμένα

135 1513 243 1545 κεῖται.
266 1512 354 1544 conf.
377 1511 562 1543 Blomfield
595 1513 639 1542 ad
664 1512 791 1543 Aesch.
815 1513 883 1552 Ag.
918 1512 965 1544 77.
1009 1512 1250 1552 Imperfectum
1281 1515 1424 1554 κατῴκει,
1452 1514 1545 1554 quod
1577 1514 1622 1544 ad
1649 1513 1800 1554 priorem
1823 1514 1924 1545 Tele-

134 1567 304 1607 maehum,
323 1567 380 1607 qui
401 1566 567 1598 Rhodum
584 1567 722 1598 advena
739 1567 939 1607 ingreditur.
965 1567 1058 1598 nullo
1076 1568 1180 1598 modo
1197 1566 1316 1598 referri
1333 1573 1459 1607 potest,
1483 1568 1614 1608 optime
1632 1568 1663 1598 in
1678 1568 1925 1601 Telemachum

134 1621 279 1653 alterum
303 1621 473 1658 convenit,
507 1621 559 1652 cui
591 1621 741 1652 Rhodus
776 1621 922 1661 primum
953 1621 1159 1652 domicilium
1190 1620 1262 1657 fuit,
1294 1627 1479 1661 antequam
1511 1622 1545 1652 in
1576 1622 1780 1662 peregrinas
1815 1629 1927 1655 terras

135 1674 343 1706 discederet.

136 1828 186 1860 21.
230 1827 284 1859 Ex
307 1829 497 1860 stemmatis
519 1829 728 1860 Theroniani
753 1839 897 1860 numero
921 1828 1066 1860 XXVII
1088 1835 1240 1860 aetatum
1265 1829 1384 1861 Cadmi
1413 1831 1581 1870 epocham
1606 1830 1706 1861 facile
1731 1830 1763 1861 in
1787 1841 1929 1866 annum.

192 1883 272 1915 1382
295 1893 325 1915 a.
348 1882 429 1915 Chr.
451 1883 611 1915 constitui
635 1894 749 1924 posse.
792 1883 878 1914 Eam
900 1893 982 1914 num
1007 1883 1071 1924 ipsi
1094 1882 1255 1924 Delphici
1278 1884 1477 1916 sacerdotes
1503 1885 1690 1920 sanxerint.
1724 1891 1793 1916 tam
1817 1886 1874 1917 diu

373 1937 407 1968 in
429 1937 560 1969 incerto
585 1947 673 1978 esse,
701 1938 780 1968 dum
805 1937 947 1969 aliarum
971 1938 1251 1979 anagrapharum
1280 1948 1468 1970 consensus
1491 1939 1687 1971 accesserit.

287 2027 420 2060 Prodiit
454 2029 559 2070 igitur
592 2039 636 2060 ex
660 2030 725 2060 hac
754 2035 875 2060 nostra
895 2029 1099 2069 quaestione
1130 2039 1291 2061 numerus
1319 2030 1462 2071 elegans
1483 2036 1517 2062 et
1545 2031 1629 2061 satis
1652 2031 1797 2062 mundus
1819 2037 1925 2072 atque

140 2083 324 2114 rotundus:
345 2083 467 2124 viginti
490 2090 623 2124 septem
647 2089 794 2122 aetates,
817 2083 908 2114 iusta
928 2093 1053 2114 novem
1077 2084 1216 2116 saecula
1238 2090 1445 2124 aequantem
1467 2091 1571 2125 atque
1593 2085 1694 2117 facile
1716 2086 1928 2118 existumare

139 2136 230 2175 licet,
264 2143 480 2177 quantopere
501 2138 576 2169 viro
600 2144 743 2178 optumo
768 2138 918 2170 Theroni
940 2139 1007 2170 hoc
1041 2138 1349 2170 illustrissimorum
1371 2149 1580 2180 proavorum
1615 2150 1740 2180 agmen
1776 2146 1928 2172 contem-

139 2190 248 2231 planti
271 2200 331 2222 cor
353 2191 387 2222 in
408 2191 483 2223 sinu
506 2191 627 2224 riserit.
665 2191 882 2233 Quamquam
904 2193 1004 2224 nobis
1027 2203 1116 2224 nunc
1137 2203 1222 2224 sane
1243 2193 1278 2224 in
1300 2194 1366 2225 hac
1381 2194 1586 2234 quaestione
1609 2194 1702 2225 aliud
1721 2195 1802 2235 quid
1820 2195 1851 2225 in
1874 2196 1928 2226 his

141 2245 317 2277 laterculis
332 2245 438 2286 longe
452 2246 594 2286 gravius
610 2253 644 2277 et
668 2247 754 2278 scitu
779 2247 915 2287 dignius
936 2247 1103 2279 videatur.
1139 2247 1250 2278 Nobis
1273 2257 1315 2278 ea
1336 2257 1424 2278 nunc
1447 2258 1543 2279 mens
1566 2254 1628 2283 est.
1651 2254 1698 2288 ut,
1721 2249 1926 2289 ecquidnam

138 2299 260 2332 calculi
283 2298 328 2330 illi
345 2299 428 2331 lucri
451 2301 496 2331 ad
520 2301 682 2342 antiquae
698 2302 948 2342 chronologiae
964 2301 1168 2332 incunabula
1183 2301 1386 2333 illustranda
1406 2302 1575 2337 adferant.
1599 2302 1925 2344 circumspiciamus.

143 2352 263 2394 Atque
287 2354 398 2394 primo
415 2354 553 2394 quidem
568 2356 736 2396 adspectu
754 2355 962 2387 lautissimas
978 2366 1060 2387 sane
1077 2356 1197 2396 epulas
1211 2357 1424 2396 promittunt.
1461 2356 1552 2396 Quid
1573 2357 1663 2388 enim
1681 2357 1748 2388 iam
1772 2357 1926 2398 impedit,

144 2408 328 2449 quominus
352 2407 482 2443 Cadmi.
514 2418 639 2441 novem
663 2410 809 2441 saeculis
831 2420 853 2440 a
879 2410 1040 2442 Therone
1067 2411 1236 2446 distantis,
1267 2417 1418 2442 aetatem
1447 2412 1639 2442 accuratius
1662 2412 1729 2442 iam
1756 2418 1790 2442 et
1823 2412 1927 2443 certis
