2221 3038
1031 250 1136 283 XVII

182 349 348 391 singulari
369 358 486 380 amore
505 355 538 379 et
556 347 669 378 studio
685 347 822 387 plenum
841 353 874 376 et
900 345 1072 384 integrum
1089 342 1291 372 laterculum
1308 340 1575 371 concinnaverat
1593 344 1696 377 atque
1713 337 1744 367 in
1763 347 1803 367 ea
1820 336 1969 375 imagine

178 403 441 436 exaedificanda
472 403 576 434 homo
613 401 816 441 negotiosus
846 406 881 431 et
918 398 1031 429 multis
1064 396 1153 428 curis
1176 395 1361 426 distractus
1384 393 1634 425 recreationem
1668 391 1732 421 sibi
1763 397 1796 421 et
1820 390 1969 430 quietem

178 458 380 499 quaerebat.
425 456 478 487 Ex
515 455 640 495 Oedipi
675 454 779 495 igitur
811 454 946 484 duobus
979 450 1310 483 calamitosissumae
1341 447 1529 479 memoriae
1560 446 1637 477 filiis
1662 445 1862 486 Polynicem
1886 454 1970 474 suae

178 513 294 553 stirpis
318 521 462 552 pravom
484 511 733 544 arbitrabatur:
758 515 837 549 post
862 507 1061 548 Polynicem
1084 505 1190 535 hosce
1214 504 1378 543 deinceps
1417 503 1448 533 in
1473 506 1655 532 stemmate
1678 506 1841 540 posteros
1865 498 1970 529 collo-

177 573 333 599 caverat:
356 565 623 598 Thersandrum.
647 563 876 596 Tisamenum.
899 561 1138 594 Autesionem,
1164 558 1324 594 Theram,
1357 557 1424 597 qui.
1449 566 1526 586 cum
1548 555 1621 586 eius
1646 563 1800 585 sororem
1824 552 1969 593 Argiam

180 620 426 652 Aristodemus
449 618 644 652 Heraclida.
680 615 915 648 Aristomachi
939 614 1040 649 filius.
1075 614 1107 644 in
1131 612 1383 643 matrimonium
1408 611 1575 649 duxisset,
1611 615 1756 650 propter
1777 609 1842 638 hoc
1864 606 1971 638 affini-

178 674 260 706 tatis
290 674 462 704 vinculum
493 679 572 712 post
603 671 820 702 immaturum
844 669 1057 700 Aristodemi
1082 669 1213 699 obitum
1235 666 1379 697 filiorum
1402 666 1628 706 geminorum.
1652 663 1785 694 Proclis
1809 668 1842 694 et
1863 661 1973 702 Eury-

180 728 321 763 sthenis
350 734 444 758 tutor
466 726 578 757 sactus
602 731 664 757 est.
714 725 841 755 Eorum
863 725 1005 755 heroum
1031 723 1182 754 omnium
1206 722 1383 752 celebrata
1409 726 1442 751 et
1467 719 1676 759 pervolgata
1705 723 1757 748 est
1791 715 1971 748 memoria:

179 782 311 814 Herod.
335 781 394 816 IV.
422 781 478 812 147
500 788 533 811 et
557 780 616 818 VI,
638 781 697 812 52:
720 778 835 810 Schol.
860 778 957 809 Pind.
975 777 1028 808 Ol.
1053 777 1094 812 ΙΙ,
1119 778 1159 807 82
1186 786 1217 816 p.
1242 776 1299 812 72;
1321 775 1421 805 Faus.
1439 774 1496 809 111,
1518 775 1564 812 15,
1581 774 1613 809 ὃς
1638 772 1702 812 IX,
1721 774 1750 807 5,
1770 772 1814 803 15.
1837 770 1973 801 Therae

182 845 266 867 vero
303 845 405 866 unum
440 834 567 865 factum
601 843 763 864 maxume
796 832 1021 863 memorabile
1054 831 1244 861 videbatur.
1301 829 1392 860 Dum
1426 828 1691 859 Lacedaemone
1729 830 1972 863 commoratur,

181 890 432 922 Dioscurorum
449 889 718 929 Amyclae-orum
742 897 841 918 sacra
865 894 900 917 ut
921 886 1110 917 domestica
1127 885 1190 915 sibi
1207 883 1399 923 adsumpsit
1418 888 1452 914 et
1471 882 1503 912 in
1521 881 1651 912 familia
1668 890 1729 911 sua
1745 879 1975 920 propaganda

181 944 322 977 curavit.
368 943 467 974 Hunc
505 943 594 972 enim
632 942 665 972 in
702 942 840 972 modum
876 941 970 971 haud
1007 939 1109 970 dubie
1156 938 1296 968 Theron
1331 936 1594 977 Agrigentinus.
1637 935 1772 966 Therae
1808 935 1974 974 abnepos,

181 998 365 1030 Castorum
401 997 528 1028 cultum
563 996 595 1026 in
626 1006 756 1036 genere
791 1006 853 1026 suo
877 994 1124 1025 hereditarium
1157 993 1370 1032 explicabat;
1406 991 1502 1022 Pind.
1541 990 1594 1021 Ol.
1618 989 1677 1025 111,
1713 991 1722 1019 1
1751 996 1785 1020 et
1805 991 1853 1020 35.
1887 987 1975 1019 conf.

180 1053 222 1085 O.
252 1052 445 1086 Mueller.
482 1051 610 1082 Οι’<;1ι.2
640 1061 671 1091 p.
695 1052 756 1081 333
790 1057 824 1081 et
863 1051 932 1081 324.
987 1049 1120 1080 Theras
1161 1047 1285 1078 deinde
1318 1045 1412 1076 finita
1444 1045 1651 1086 pupillorum
1685 1053 1823 1074 suorum
1857 1043 1974 1079 tutela,

180 1118 284 1149 quom
315 1107 438 1147 quibus
468 1112 570 1136 antea
605 1105 678 1145 ipse
712 1104 878 1145 pueritiae
900 1110 1018 1134 custos
1043 1110 1077 1134 et
1102 1108 1218 1133 rector
1243 1101 1372 1137 suisset.
1398 1100 1447 1131 eis
1471 1111 1508 1130 se
1532 1099 1734 1129 submittere
1758 1098 1874 1132 nollet,
1898 1107 1975 1128 cum

181 1171 320 1194 suorum
354 1160 492 1200 agmine
523 1160 556 1190 in
589 1159 733 1190 insulam
768 1158 917 1189 Theram
952 1157 1135 1197 emigravit
1171 1156 1286 1196 ibique
1321 1156 1445 1185 domus
1473 1154 1591 1194 regiae
1622 1163 1685 1194 per
1709 1154 1815 1193 longa
1838 1151 1976 1183 saecula

186 1215 340 1247 florentis
361 1214 504 1252 (Herod.
527 1213 586 1249 lv,
620 1215 691 1250 150)
714 1219 834 1244 auctor
857 1212 968 1243 factus
992 1218 1061 1250 est3
1085 1211 1215 1242 Herod.
1241 1210 1300 1249 IV,
1327 1211 1393 1241 148.

329 1268 400 1301 Sed
437 1275 512 1300 erat
550 1269 582 1299 in
630 1267 720 1303 fatis,
757 1274 794 1298 ut
829 1267 965 1298 Therae
1008 1266 1101 1306 regis
1134 1266 1256 1296 domus
1296 1274 1362 1294 non
1408 1264 1539 1294 insulae
1582 1268 1712 1294 tantum
1760 1261 1885 1293 finibus
1923 1267 1977 1292 sat

185 1324 322 1365 exiguis
339 1323 625 1363 circumscriptae.
650 1323 711 1353 sed
727 1322 803 1352 aliis
825 1331 962 1361 quoque
981 1320 1082 1351 terris
1105 1319 1277 1359 principes
1301 1319 1408 1349 daret.
1433 1318 1569 1349 Therae
1593 1317 1697 1357 igitur
1713 1317 1817 1357 stirps
1840 1316 1872 1346 in
1889 1317 1976 1346 duas

186 1378 294 1410 lineas
318 1377 484 1409 discessit.
531 1377 665 1408 Etenim
700 1376 835 1407 Therae
858 1374 945 1406 filius
983 1380 1016 1406 et
1050 1375 1081 1404 in
1109 1384 1218 1414 regno
1242 1382 1422 1404 successor
1445 1372 1570 1404 Samus
1594 1372 1728 1402 duobus
1757 1369 1833 1401 filiis
1857 1375 1976 1400 auctus

186 1439 249 1468 est.
284 1432 397 1473 Clytio
430 1438 464 1463 et
497 1431 716 1466 Telemacho,
741 1439 886 1471 quorum
910 1430 1007 1463 alter.
1046 1429 1188 1469 Clytius,
1223 1428 1255 1458 in
1290 1427 1401 1458 insula
1428 1426 1541 1467 patria
1570 1426 1704 1463 mansit,
1738 1425 1978 1458 Telemachus,

182 1487 241 1528 qui
274 1486 390 1517 fratris
418 1485 513 1516 nutui
547 1485 693 1525 obsequi
718 1490 862 1525 propter
884 1484 1035 1514 innatam
1067 1483 1097 1513 ei
1119 1483 1214 1523 genti
1238 1481 1507 1520 generositatem
1530 1480 1787 1520 dedignaretur,
1811 1479 1976 1511 Rhodum

183 1541 380 1581 emigravit;
402 1540 515 1572 Schol.
538 1539 635 1570 Pind.
660 1539 713 1570 Ol.
738 1539 780 1573 11,
807 1540 846 1570 32
874 1548 906 1578 p.
929 1538 989 1569 72:
1014 1538 1186 1575 Αὐτεσίων,
1214 1536 1252 1568 οὗ
1276 1537 1396 1574 Θήρας,
1425 1535 1463 1566 οὑ
1486 1535 1609 1573 Σάμος·
1639 1534 1737 1574 οὗτος
1761 1535 1858 1573 ἔσχεν
1888 1534 1978 1573 υἱοὺς

183 1596 252 1633 δύο,
289 1595 477 1634 Τηλέμαχον
512 1595 563 1625 καὶ
593 1594 734 1631 Κλύτιον,
768 1593 814 1625 ὧν
851 1593 869 1625 ὁ
903 1594 960 1631 μὲν
994 1593 1125 1631 Κλὺτιος
1159 1592 1283 1629 ἔμεινεν
1321 1591 1356 1622 ἐν
1385 1590 1475 1630 Θήρᾳ
1503 1592 1540 1630 τῇ
1564 1590 1664 1629 νήσῳ,
1692 1589 1710 1620 ὁ
1734 1590 1770 1621 δὲ
1792 1589 1979 1627 Τηλέμαχος

188 1650 342 1690 [supple:
365 1649 411 1688 εἰς
431 1646 547 1681 Ῥόδον
571 1649 716 1686 μετέστη,
739 1647 829 1678 conf.
846 1646 986 1678 Pindari
1009 1646 1128 1687 fragm.
1152 1646 1245 1686 apud
1261 1646 1376 1677 Schol.
1400 1645 1498 1675 Pind.
1522 1655 1553 1684 p.
1569 1646 1606 1675 61
1626 1645 1725 1676 mech:
1749 1646 1784 1675 έν
1807 1645 1841 1676 δὲ
1863 1640 1980 1675 Ῥόδον

187 1705 393 1742 κατένασθεν,
431 1709 467 1734 ut
490 1703 591 1734 scribi
616 1703 709 1733 iubet
732 1702 915 1742 Bergkius.
947 1701 1043 1732 Poet.
1069 1701 1148 1741 Lyr.
1171 1700 1230 1732 Gr.
1260 1700 1294 1730 1⁴
1318 1710 1350 1740 p.
1374 1699 1460 1736 417}
1504 1699 1562 1729 Ab
1585 1699 1638 1730 his
1659 1699 1762 1739 igitur
1786 1704 1854 1729 tam
1878 1698 1980 1729 claris

186 1758 350 1789 heroibus
379 1768 457 1789 sese
491 1757 713 1791 descendere,
747 1762 852 1796 atque
886 1765 1003 1786 eorum
1035 1755 1171 1786 nomina
1206 1755 1292 1785 sicut
1326 1754 1354 1784 T
1358 1755 1463 1785 herae
1495 1753 1625 1784 insulae
1647 1753 1679 1784 in
1704 1763 1776 1788 suo.
1800 1752 1979 1788 Theronis,

184 1812 321 1843 nomine
343 1811 551 1850 riviviscere,
575 1820 703 1851 magno
726 1810 782 1841 ille
803 1809 933 1851 gaudio
950 1811 1175 1845 memorabat,
1201 1815 1345 1849 eratque
1369 1809 1435 1839 hoc
1452 1808 1527 1848 regi
1544 1813 1687 1847 propter
1704 1807 1815 1847 ipsam
1832 1807 1980 1838 clemen-

186 1866 270 1898 tiam
303 1872 337 1897 et
373 1866 500 1907 ingenii
523 1865 714 1896 bonitatem
737 1875 757 1894 a
781 1864 895 1895 multis
919 1865 1068 1904 decepto
1102 1869 1138 1895 et
1160 1863 1361 1894 conculcato
1394 1862 1506 1900 (Pind.
1531 1861 1583 1892 Ol.
1607 1861 1651 1896 ΙΙ,
1678 1861 1724 1900 17)
1748 1861 1979 1892 dulcissimum

186 1930 345 1952 curarum
367 1920 525 1951 levamen
552 1925 587 1950 et
621 1918 879 1953 deverticulum.
907 1928 975 1959 quo
999 1919 1043 1949 ad
1065 1918 1204 1959 genium
1228 1918 1472 1948 oblectandum
1496 1922 1530 1947 et
1553 1916 1800 1947 consolandum
1824 1915 1982 1946 lubenter

185 1975 355 2006 utebatur.
399 1973 568 2005 Pindarus
592 1983 676 2004 vero
700 1979 838 2013 quanto.
862 1973 988 2007 hercle,
1010 1972 1140 2013 gaudio
1163 1973 1252 2003 hanc
1274 1971 1458 2002 materiam
1479 1970 1745 2010 genealogicam
1768 1970 1832 2010 ipsi
1849 1969 1981 2000 carissi-

184 2038 275 2060 mam
299 2035 333 2060 et
354 2038 516 2060 maxume
538 2028 653 2059 tritam
677 2027 947 2068 familiaremque
970 2028 1152 2067 amplexus
1176 2028 1243 2058 est!
1267 2026 1400 2057 Audire
1428 2025 1507 2056 mihi
1531 2025 1653 2056 videor
1669 2024 1777 2055 virum
1799 2030 1978 2064 praestan-

185 2082 365 2114 tissumum
403 2092 479 2113 cum
517 2092 602 2123 rege
639 2083 750 2113 amico
788 2081 1067 2113 confabulantem
1106 2087 1141 2112 et
1178 2080 1385 2112 dulcissimis
1422 2089 1534 2120 paene
1576 2079 1691 2110 verbis
1719 2078 1784 2110 illis
1807 2078 1982 2114 Ennianis,

184 2136 309 2177 quibus
341 2135 462 2167 Cicero
497 2135 613 2167 Titum
648 2146 744 2167 suum
773 2135 929 2167 Atticum
964 2135 1158 2176 alloquitur.
1194 2136 1415 2166 salutantem:
1457 2134 1487 2165 O
1513 2132 1593 2169 Tt'lc,
1627 2131 1769 2175 siquid
1788 2134 1820 2162 te
1841 2132 1982 2163 adiuero

184 2200 342 2221 curamve
375 2190 512 2225 levasso,
534 2190 548 2231 11
568 2200 653 2232 quac
688 2201 779 2221 nunc
800 2192 831 2220 tc
853 2189 966 2232 coquit
996 2192 1028 2220 ct
1061 2191 1176 2221 versa!
1207 2188 1245 2220 in
1267 2191 1399 2230 pectore
1428 2188 1513 2228 fixa,
1538 2188 1550 2229 ΙΙ
1572 2187 1694 2230 ecquid
1728 2186 1798 2218 crt'l
1824 2186 1982 2229 praemi?

186 2245 313 2276 Eorum
346 2245 539 2276 studiorum
573 2251 702 2286 poetae
737 2255 812 2277 cum
847 2255 932 2286 rege
965 2244 1191 2276 communium
1217 2244 1382 2285 egregius
1418 2243 1549 2274 fructus
1583 2243 1644 2274 fuit
1665 2243 1805 2274 Pindari
1832 2252 1980 2277 carmen.

186 2299 387 2331 Encomium
421 2299 454 2330 in
481 2299 688 2331 Theronem.
722 2309 790 2340 quo
815 2299 1012 2331 universum
1050 2298 1132 2330 illud
1166 2299 1260 2339 regis
1284 2304 1429 2330 stemma
1458 2296 1604 2329 Graecis
1631 2297 1826 2329 hominibus
1857 2306 1982 2337 perno-

187 2354 354 2385 scendum
378 2360 620 2394 proposuerat.
646 2355 690 2384 de.
715 2364 790 2394 quo
812 2353 900 2385 infra
922 2353 1117 2385 accuratius
1139 2352 1342 2384 videbimus.
