2221 3038
1057 260 1148 292 XIX

216 403 262 436 17.
308 403 494 435 Plurimum
526 402 737 437 referre.·ut
770 409 855 443 quot
886 408 1021 433 aetates
1048 402 1135 433 inter
1157 401 1323 433 Cadmum
1355 409 1389 434 et
1411 403 1607 434 Theronem
1630 403 1840 434 constitutae
1864 403 1997 439 fuerint.

254 464 404 489 eruatur.
435 457 473 488 In
496 457 629 488 scholio
653 457 698 487 ad
721 456 818 488 Pind.
841 456 895 489 01.
919 456 961 492 11,
987 457 1024 488 14
1047 467 1079 497 p.
1103 457 1143 489 60
1163 457 1436 498 grammaticum.
1458 457 1516 497 qui
1537 455 1672 498 viginti
1691 458 1811 498 septem
1834 459 1956 487 acran-s

446 517 636 551 computet,
658 510 815 551 quamvis
837 510 947 542 falsos
969 511 1135 542 terminos
1157 511 1369 551 apposuerit,
1393 518 1507 542 tamen
1531 521 1649 543 verum
1673 511 1765 542 illum

808 571 842 596 et
865 565 1049 605 genuinum
1080 575 1258 597 numerum
1285 576 1455 597 servasse.

361 657 460 688 Haec
494 657 598 696 igitur
631 657 746 688 omnia
769 657 909 688 Theron
942 657 1192 698 gloriabundus
1216 668 1378 689 enarrare
1413 659 1560 697 solebat,
1593 658 1712 699 eisque
1740 660 1843 690 rebus
1871 669 1999 690 memo-

212 711 330 743 randis
352 710 493 743 mirifice
517 712 765 744 delectabatur.
809 711 938 742 Verum
955 712 1049 752 quod
1074 712 1150 752 plus
1171 712 1275 742 etiam
1298 719 1360 747 est„
1385 712 1545 744 eximium
1568 723 1708 753 quoque
1730 714 1850 744 harum
1875 714 1998 745 domus

212 775 295 797 suae
318 766 457 796 laudum
489 773 523 796 et
547 766 709 796 decorum
742 775 951 806 praeconem
979 772 1100 796 nactus
1123 772 1186 801 est,
1221 766 1418 803 Pindarum.
1449 777 1525 798 cum
1551 766 1828 798 Emmenidarum
1860 767 1997 804 familia,

211 819 245 850 id
274 820 367 860 quod
396 829 558 850 maxume
587 829 631 850 ex
655 819 805 850 carmine
828 820 954 860 Pythio
978 819 1027 850 VI
1051 820 1128 850 anni
1152 819 1205 851 Ol.
1229 821 1279 856 91,
1306 822 1325 852 3
1347 834 1386 848 =
1407 822 1469 852 494
1493 821 1524 852 in
1558 821 1794 853 Xenocratem
1827 822 1998 854 Theronis

211 873 352 905 ftatrem
376 881 533 914 apparet,
557 874 624 904 iam
645 884 666 904 a
689 873 773 905 flore
796 875 922 905 aetatis
945 874 1277 906 coniunctissumum.
1324 875 1357 906 Is
1389 876 1492 916 igitur
1520 882 1556 906 ut
1583 876 1754 907 Theronis
1777 876 1940 908 nobilitas
1963 883 1997 908 et

209 937 420 969 proavorum
441 928 639 968 multiplicia
659 928 730 959 fata
752 928 910 959 omnibus
932 929 976 959 ab
992 929 1124 959 oriente
1140 929 1185 959 ad
1201 929 1415 960 occidentem
1433 931 1540 961 solem
1557 929 1702 962 Graecis
1723 936 1806 962 nota
1826 931 1997 967 redderet,

209 992 348 1014 carmen
385 992 429 1014 ex
459 982 700 1014 Encomiorum
737 992 866 1023 genere
895 983 1098 1023 composuit,
1132 993 1201 1024 quo
1227 984 1396 1015 Theronis
1424 990 1570 1015 stemma
1593 985 1790 1025 eloquentia
1814 985 1871 1015 illa
1893 986 1998 1016 tubae

210 1037 376 1068 consimili
410 1037 610 1069 celebravit.
652 1037 769 1077 Atque
793 1038 858 1068 hoc
882 1038 981 1068 huius
1005 1037 1163 1069 carminis
1186 1039 1363 1069 consilium
1397 1038 1430 1069 in
1453 1039 1560 1079 ipsius
1584 1040 1716 1070 exordii
1739 1039 1858 1080 primis
1882 1040 1997 1070 verbis

211 1092 368 1123 elocutus
391 1097 480 1130 erat;
503 1091 617 1123 Schol.
638 1091 734 1122 Pind.
757 1091 811 1123 Ol.
835 1092 876 1128 11,
902 1094 938 1124 16
960 1103 991 1133 p.
1014 1094 1054 1124 «32
1076 1093 1180 1124 med.:
1204 1094 1359 1132 καὶμέχρι
1377 1094 1532 1132 Θήρωνος
1555 1095 1614 1133 τὰς
1630 1094 1760 1133 ἁπάσας
1783 1095 1898 1133 γενεὰς
1915 1095 1997 1126 ἑπτὰ

210 1147 293 1185 πρὸς
321 1147 390 1184 ταῖς
423 1146 507 1177 ὀκτὼ
535 1148 807 1185 συναριθμεῖσθαι.
832 1149 931 1178 ταῦτα
958 1148 1080 1186 Ιιστορεῑ
1107 1147 1142 1178 ἐν
1170 1146 1341 1188 Ἐγκωμίψ,
1375 1148 1413 1179 οὑ
1446 1148 1465 1186 ἡ
1495 1148 1591 1186 ἀρχή·
1628 1149 1788 1187 Βούλομαι
1826 1149 1996 1180 παίδεσσιν

210 1200 384 1232 Ἑλλάνων.
405 1200 494 1231 conf.
518 1201 640 1231 eadem
664 1200 779 1232 Schol.
803 1200 899 1233 Pind.
923 1201 976 1233 Ol.
1000 1201 1042 1241 11,
1065 1203 1105 1232 39
1129 1211 1161 1242 p.
1186 1203 1235 1233 66.
1282 1202 1439 1232 Alterum
1464 1202 1616 1233 eiusdem
1641 1203 1800 1233 carminis
1825 1203 1996 1243 fragmen-

208 1260 280 1285 tum
296 1254 456 1292 satorum,
478 1255 603 1295 quibus
619 1255 663 1285 illi
680 1256 804 1286 heroes
829 1255 944 1287 iactati
969 1263 1095 1291 essent,
1118 1256 1372 1287 vicissitudines
1393 1257 1603 1295 illustrabat3
1627 1257 1741 1289 Schol.
1764 1257 1860 1289 Pind.
1878 1257 1930 1289 Ol.
1951 1257 1994 1292 ΙΙ,

212 1310 249 1341 16
270 1319 300 1349 p.
322 1310 357 1340 61
383 1316 464 1349 post
486 1309 575 1340 med.
599 1309 742 1350 (Bergk,
766 1310 861 1341 Poet.
883 1310 964 1351 Lyr.
993 1310 1050 1343 Gr.
1075 1311 1113 1351 1⁴,
1139 1322 1171 1352 p.
1200 1311 1293 1350 417):
1329 1312 1364 1343 ἐν
1394 1313 1429 1343 δὲ
1456 1304 1567 1344 Ῥόδον
1601 1313 1814 1345 κατένασθεν·
1838 1313 1850 1352 {l
1873 1313 1994 1344 ἐνθένδ’

207 1363 452 1403 ἀφορμαθέντες
475 1365 604 1403 ὑψηλᾶν
626 1365 719 1396 πόλιν
741 1364 982 1403 ἀμφινέμονται,
1004 1366 1015 1405 Η
1037 1367 1170 1397 πλεῖστα
1194 1367 1251 1403 μὲν
1272 1366 1346 1405 δῶρ’
1375 1366 1548 1406 ἀθανάτοις
1578 1367 1760 1406 ἀνέχοντες,
1782 1368 1794 1406 l}
1816 1368 1937 1399 ἕσπετο
1966 1367 1995 1400 δ’

207 1417 327 1450 ἀενάου
349 1419 491 1450 πλούτου
514 1419 626 1457 νέφος.

358 1472 503 1503 Praeter
535 1473 622 1504 haec
657 1474 725 1504 duo
749 1473 944 1514 fragmenta
976 1483 1044 1504 una
1068 1484 1124 1504 res
1147 1481 1209 1509 est.
1245 1475 1288 1505 de
1315 1485 1384 1515 qua
1411 1475 1443 1505 in
1467 1486 1510 1506 eo
1534 1477 1684 1507 carmine
1709 1476 1880 1507 Pindarus
1902 1478 1995 1508 haud

208 1526 312 1557 dubie
342 1526 531 1558 luculenter
564 1534 785 1568 exposuerat,
819 1538 977 1569 quaeque
1010 1539 1098 1560 nunc
1121 1529 1165 1560 ad
1187 1530 1276 1560 hane
1298 1536 1451 1561 nostram
1475 1531 1714 1571 quaestionem
1738 1533 1878 1563 maximi
1910 1543 1995 1564 sane

206 1581 371 1612 momenti
393 1587 455 1612 est.
501 1581 681 1616 Pindarus.
703 1583 798 1622 quod
813 1588 956 1623 propter
978 1583 1089 1623 ipsum
1107 1584 1265 1615 carminis
1281 1591 1523 1626 argumentum
1539 1586 1642 1626 plane
1661 1587 1892 1618 necessarium
1909 1594 1992 1626 erat,

206 1643 385 1666 numerum
407 1641 442 1666 et
464 1645 631 1666 summam
655 1636 807 1667 omnium
829 1642 981 1668 aetatum
1005 1636 1152 1677 (γενεῶν)
1175 1644 1394 1679 conceperat,
1416 1649 1507 1680 quae
1532 1650 1552 1670 a
1576 1639 1706 1671 Cadmo
1728 1641 1773 1671 ad
1797 1641 1994 1672 Theronem

207 1689 476 1730 praeteriissent.
511 1696 626 1730 atque.
661 1696 831 1730 quatenus
861 1691 1001 1732 quidem
1034 1702 1096 1732 per
1126 1693 1286 1723 carminis
1318 1694 1416 1733 leges
1444 1693 1517 1725 fieri
1541 1695 1662 1735 potuit,
1695 1695 1832 1725 nomina
1855 1705 1995 1736 quoque

209 1744 364 1779 heroum.
386 1744 443 1784 qui
466 1744 610 1785 singulis
633 1744 805 1776 aetatibus
819 1746 1088 1787 respondissent.
1117 1748 1305 1778 memoriae
1328 1749 1528 1780 tradiderat.
1567 1749 1599 1779 Is
1619 1759 1779 1781 numerus
1795 1750 1827 1780 in
1843 1750 1996 1782 fontibus

208 1798 335 1829 nostris
357 1808 432 1829 cum
456 1799 557 1839 gravi
582 1810 664 1831 sane
684 1810 802 1831 errore
824 1801 880 1831 vel
901 1802 1099 1841 corruptela
1122 1802 1278 1841 traditus,
1301 1809 1416 1834 tamen
1439 1809 1543 1839 certo.
1571 1804 1665 1844 quod
1699 1804 1765 1835 iam
1797 1804 1995 1836 Boeckhius

208 1852 367 1892 praeivit,
400 1853 553 1884 remedio
577 1854 609 1884 in
644 1854 814 1895 integrum
849 1855 980 1887 restitui
1006 1862 1131 1896 potest.
1176 1856 1297 1887 Tradit
1325 1856 1439 1889 Schol.
1466 1857 1564 1889 Pind.
1589 1857 1642 1890 Ol.
1667 1858 1708 1894 11,
1734 1860 1772 1890 14
1795 1869 1828 1899 p.
1854 1860 1894 1890 60
1916 1867 1995 1900 post

206 1906 306 1945 med..
337 1916 382 1938 ex
418 1917 461 1939 eo
497 1915 664 1948 tempore,
699 1919 770 1949 quo
794 1909 950 1941 Entimus
973 1916 1007 1941 et
1029 1910 1261 1951 Antiphemus
1283 1921 1328 1942 ex
1351 1911 1483 1943 Rhodo
1508 1912 1618 1943 insula
1645 1912 1792 1953 profecti
1815 1912 1937 1945 Gelam
1961 1915 1993 1945 in

207 1959 325 1993 Sicilia
358 1962 583 1998 condiderint.
620 1963 674 1994 cui
699 1963 920 2004 expeditioni,
955 1972 991 1996 ut
1017 1965 1202 1996 scholiasta
1223 1966 1394 2006 opinatur,
1427 1966 1597 1998 Theronis
1625 1968 1746 2007 proavi
1769 1968 1994 2003 interfuerint,

205 2020 341 2046 aetates
363 2016 407 2046 ad
426 2016 619 2048 Theronem
644 2018 683 2049 27
701 2019 960 2059 praeterlapsas
976 2030 1073 2051 esse:
1098 2019 1254 2060 ἄρχοντες
1269 2023 1303 2053 δὲ
1317 2024 1382 2053 τῶν
1399 2021 1548 2054 ἀποικίαν
1563 2023 1780 2060 στειλαμένων
1796 2022 1993 2062 Ἀντίφημος

205 2069 257 2101 καὶ
279 2070 427 2109 Ἔντιμος
449 2071 542 2109 ἦσαν,
578 2071 624 2103 ὧν
657 2074 736 2111 μετὰ
768 2073 918 2111 εἰκοστὴν
945 2075 1084 2113 ἑβδόμην
1114 2076 1230 2113 γενεὰν
1261 2076 1376 2115 Θήρων
1405 2075 1503 2115 οὗτος
1533 2077 1676 2114 γέγονεν.
1722 2077 1818 2108 Haec
1841 2083 1993 2108 aetatum

206 2133 339 2154 summa
361 2124 389 2154 si
413 2134 489 2156 cum
512 2132 704 2166 temporum
728 2127 786 2157 illo
811 2128 935 2168 spatio,
965 2130 1057 2169 quod
1092 2129 1174 2160 dicit
1209 2130 1406 2165 scholiasta.
1434 2138 1662 2171 comparetur,
1690 2131 1801 2171 primo
1825 2133 1993 2172 adspectu

206 2187 274 2209 non
299 2184 414 2218 potest
436 2189 503 2210 non
526 2179 628 2220 plane
650 2191 816 2221 perserva
838 2182 959 2214 videri.
1003 2183 1091 2214 Gela
1118 2184 1207 2214 enim
1231 2185 1314 2215 urbs
1338 2185 1477 2215 condita
1515 2192 1567 2216 est
1600 2186 1645 2216 ab
1681 2186 1810 2216 colonis
1846 2185 1993 2217 Rhodiis

205 2242 296 2263 anno
333 2233 386 2265 Ol.
421 2235 471 2268 22.
504 2235 524 2265 4
547 2247 586 2261 =
610 2236 671 2267 689
703 2246 748 2266 ex
780 2236 1049 2268 luculentissimo
1073 2237 1285 2279 Thucydidis
1322 2239 1518 2270 testimonio
1552 2240 1612 2276 VI,
1636 2241 1667 2272 6:
1703 2241 1765 2272 ἔτει
1786 2241 1918 2281 πέμπτῳ
1941 2242 1992 2272 καὶ

204 2291 451 2328 τετταρακοστῷ
475 2289 554 2326 μετὰ
576 2289 795 2329 Συρακουσῶν
817 2291 953 2330 οἴκησιν.
977 2291 1064 2323 conf.
1087 2291 1203 2329 Holm,
1228 2293 1316 2324 Hist.
1341 2293 1408 2326 Sic.
1433 2294 1457 2333 1,
1480 2295 1552 2326 385.
1597 2294 1669 2326 Iam
1698 2296 1743 2325 ab
1767 2305 1809 2326 eo
1833 2305 1922 2326 anno
1946 2295 1991 2325 ad

205 2342 401 2374 Theronem
436 2352 513 2374 cum
547 2345 753 2376 scholiastes
789 2346 828 2377 27
858 2347 973 2385 γενεὰς
995 2353 1182 2386 computat,
1216 2348 1244 2378 is
1277 2354 1336 2379 aut
1368 2358 1464 2379 error
1497 2349 1605 2380 estin
1627 2359 1778 2386 numero,
1807 2356 1866 2380 aut
1887 2350 1919 2380 in
1943 2360 1990 2382 re.

206 2396 316 2437 Atqui
339 2407 508 2434 numerus,
530 2398 587 2439 qui
612 2409 694 2430 sane
716 2399 748 2429 in
770 2399 936 2431 eiusmodi
959 2401 1220 2441 quaestionibus
1235 2403 1438 2443 plerumque
1463 2403 1494 2433 in
1518 2404 1618 2444 culpa
1634 2410 1697 2439 est,
1722 2403 1753 2434 in
1770 2405 1835 2435 hoc
1851 2405 1989 2444 quidem
