2196 3006
1080 315 1130 345 VI

204 412 320 443 incluti
341 412 553 451 Argivorum
575 409 868 449 Mycenarumque
894 416 1007 446 reges.
1050 406 1126 437 Hac
1158 406 1284 446 duplici
1308 406 1529 437 Deucalionis
1559 411 1594 438 et
1620 407 1738 438 Inachi
1775 413 1997 447 posterorum

208 467 296 498 serie
318 466 478 497 universa
501 466 645 495 heroum
669 462 881 493 Graecorum
905 460 1117 501 genealogia
1140 460 1269 491 nititur.

351 519 557 559 Apollodori
590 517 799 548 bibliotheca
832 516 921 545 hanc
955 515 1157 545 divisionem
1187 525 1229 545 ea
1258 525 1296 545 re
1319 515 1491 554 exprimit,
1527 516 1620 555 quod
1653 516 1784 555 primus
1806 516 1895 547 liber
1917 517 1998 548 inde

205 577 249 606 ab
272 575 296 611 I,
321 575 348 610 7,
367 575 394 610 2,
419 575 437 605 6
455 571 673 603 Deucalionis
697 569 936 610 posteritatem
958 569 1192 609 prosequitur:
1215 569 1357 606 γίνονται
1380 570 1415 600 δὲ
1438 570 1473 600 ἐκ
1495 570 1628 609 Πύρρας
1651 571 1858 602 Δευκαλίωνι
1881 574 1995 610 παῖδες

204 630 321 667 Ἕλλην
347 630 403 667 μἐν
423 629 558 666 πρῶτος,
582 626 619 656 ὃν
644 626 678 656 ἐκ
693 625 775 663 Διὸς
798 625 989 661 γεγενῆσθαι
1013 624 1175 661 λέγουσιν,
1200 623 1351 663 δεύτερος
1375 625 1410 656 δὲ
1428 624 1863 664 Ἀμφικτύων...Ἕλληνος
1887 627 1921 657 δὲ
1944 627 1997 658 καὶ

204 685 331 722 νύμφης
351 682 524 720 Ὀρσηΐδος
553 681 673 718 Δῶρος
701 679 830 717 Ξοῦθος
858 677 983 715 Αἴολος.
1036 677 1125 707 Tum
1152 687 1237 707 vero
1266 678 1345 708 inde
1374 679 1418 708 ab
1452 678 1540 708 libro
1563 678 1596 708 11
1618 679 1857 718 Apollodorus
1879 680 1997 711 Inachi

205 742 422 778 posterorum
443 735 565 765 seriem
582 738 729 769 enarrat,
751 743 791 763 ac
811 732 957 772 primum
974 731 1112 771 quidem
1130 742 1216 767 earn,
1239 742 1329 772 quae
1346 733 1524 763 descendit
1544 733 1587 763 ab
1605 733 1700 764 Belo.
1724 732 1945 773 Apollod.II,
1965 736 1998 766 1.

205 792 309 829 ἐπειδὴ
338 792 373 822 δὲ
399 791 436 821 τὸ
460 791 516 820 τοῦ
547 788 770 825 Δευκαλίωνος
799 787 1064 824 διεξεληλύθαμεν
1086 786 1193 825 γένος,
1217 786 1379 825 ἐχομένως
1403 787 1546 825 λέγωμεν
1573 788 1610 818 τὸ
1633 787 1795 826 Ἰνάχειον.
1840 788 1998 828 Itemque

203 846 318 885 paullo
354 844 439 874 infra
474 842 642 882 expositis
665 841 792 881 Inachi,
828 841 895 875 Ius,
929 841 1065 881 Epaphi
1099 840 1204 870 rebus
1239 841 1282 870 de
1313 839 1440 878 duplici
1468 840 1526 869 illa
1548 840 1682 880 Libyae
1705 842 1812 880 prole,
1837 842 1869 872 in
1892 852 1995 882 quam

204 899 319 930 Inachi
351 908 461 938 genus
495 896 700 933 discesserit,
734 895 777 931 ΙΙ,
810 897 837 930 l,
872 896 900 930 4,
931 896 968 926 2;
1000 895 1114 934 Λιβύης
1151 896 1185 926 δὲ
1219 895 1270 925 καὶ
1292 894 1507 933 Ποσειδῶνος
1542 895 1683 932 γίνονται
1722 898 1835 934 παῖδες
1873 897 1997 935 δίδυμοι

201 950 345 991 Ἀγήνωρ
368 953 418 983 καὶ
442 952 554 989 Βῆλος.
576 950 722 988 Ἀγήνωρ
746 951 804 988 μὲν
826 949 885 981 οὖν
908 949 952 988 εἰς
976 949 1126 986 Φοινίκην
1149 948 1484 988 ἀπαλλαγεὶς...ἑκεῑ
1507 952 1564 987 τῆς
1589 950 1731 988 μεγάλης
1755 950 1842 989 ῥίζης
1866 951 1994 988 ἐγένετο

201 1006 388 1044 γενεάρχης·
423 1004 498 1035 ὅθεν
530 1003 777 1042 ὑπερθησόμεθα
813 1003 884 1041 περὶ
916 1002 1040 1033 τούτου.
1086 1003 1190 1042 Βῆλος
1228 1004 1372 1034 δὲ...ἐν
1408 1003 1557 1044 Αἰγύπτῳ
1589 1004 1873 1042 βασιλεύει...καὶ
1905 1005 1995 1046 αὐτῷ

200 1061 339 1097 γίνονται
362 1061 474 1097 παῖδες
497 1059 628 1097 δίδυμοι,
654 1057 814 1096 Αἴγυπτος
838 1057 889 1087 καὶ
911 1057 1052 1095 Δαναός.
1099 1055 1262 1095 Sequitur
1284 1066 1390 1096 porro
1414 1056 1567 1086 narratio
1592 1057 1635 1087 de
1661 1057 1776 1086 Danai
1801 1057 1994 1088 clarissima

196 1114 408 1154 posteritate,
441 1113 570 1143 Perseo
605 1111 714 1153 (11‚4,
742 1112 782 1150 1),
816 1111 967 1142 Hercule
1001 1111 1055 1149 (II,
1076 1110 1105 1150 4,
1139 1111 1180 1149 9),
1219 1111 1302 1141 aliis.
1348 1110 1453 1141 Libro
1486 1111 1633 1150 denique
1667 1111 1719 1141 III
1752 1110 1993 1151 Apollodorus

196 1168 372 1208 Agenoris
396 1168 536 1207 stirpem
560 1172 706 1206 enarrat,
734 1166 792 1201 III,
820 1167 845 1201 1,
870 1166 901 1197 l:
932 1166 1040 1203 ἐπειδὴ
1069 1166 1104 1196 δὲ
1127 1166 1164 1196 τὸ
1187 1163 1338 1204 Ἰνάχειον
1362 1166 1559 1204 διερχόμενοι
1581 1165 1676 1204 γένος
1696 1166 1772 1205 τοὺς
1795 1165 1858 1197 ἀπὸ
1884 1166 1990 1204 Βήλου

192 1223 281 1261 μέχρι
309 1224 374 1254 τῶν
394 1221 608 1260 Ἡρακλειδῶν
631 1221 867 1259 δεδηλώκαμεν,
891 1220 1052 1258 ἐχομένως
1077 1220 1218 1257 λε’γωμεν
1242 1220 1292 1250 καὶ
1315 1220 1354 1251 τὰ
1376 1220 1448 1258 περὶ
1470 1216 1660 1258 Ἀγήνορος.
1714 1220 1753 1250 In
1775 1219 1987 1259 Apollodori

194 1277 299 1317 igitur
333 1277 542 1307 bibliotheca
573 1277 746 1316 pellucent
781 1275 974 1306 etiamnunc
998 1274 1146 1313 vestigia
1170 1274 1426 1304 vetustissimae
1449 1273 1538 1304 illius
1560 1274 1791 1313 genealogiae
1820 1274 1853 1304 in
1882 1284 1988 1314 pene-

195 1331 339 1362 tralibus
368 1331 508 1362 sacrarii
543 1330 702 1370 Delphici
737 1335 844 1361 ortae.
890 1329 1108 1369 Quamquam
1132 1329 1165 1358 in
1189 1339 1257 1358 una
1287 1338 1371 1358 sane
1393 1334 1494 1368 parte
1517 1329 1726 1368 genealogia
1748 1328 1931 1368 Delphica,
1962 1329 1992 1359 si

195 1396 270 1416 curn
299 1385 538 1425 Apollodorea
562 1390 788 1424 comparetur,
813 1384 923 1414 minus
949 1385 1051 1423 plena
1074 1389 1109 1414 et
1135 1383 1274 1414 exculta
1301 1382 1373 1414 fuit.
1415 1382 1498 1413 Cum
1530 1383 1619 1412 enim
1642 1383 1821 1422 Agenoris
1845 1383 1987 1423 stirpem

195 1440 356 1480 Delphici
373 1440 420 1470 illi
434 1445 629 1479 temporum
645 1439 889 1470 constitutores
912 1438 995 1469 satis
1020 1438 1191 1468 subtiliter
1209 1437 1499 1472 concinnaverint,
1522 1441 1668 1476 propter
1690 1436 1869 1473 familiare,
1894 1438 1990 1477 quod

196 1495 278 1534 ipsis
301 1495 547 1531 intercedebat,
571 1504 647 1524 curn
670 1493 877 1528 Thebarum,
900 1492 1033 1523 vicinae
1053 1492 1155 1527 urbis,
1180 1491 1260 1521 fatis
1283 1491 1468 1521 vinculum:
1491 1491 1584 1520 illam
1601 1491 1841 1521 Inachidarum
1861 1491 1988 1522 lineam

196 1559 217 1578 a
238 1549 325 1579 Belo
350 1549 537 1587 oriundam,
566 1548 599 1578 in
626 1558 693 1587 qua
717 1553 795 1577 sunt
818 1547 1000 1577 Danaidae
1023 1552 1056 1577 et
1079 1546 1253 1582 Persidae,
1275 1547 1368 1576 haud
1392 1546 1559 1576 curiosius
1581 1546 1780 1585 respexisse
1810 1546 1988 1586 videntur3

196 1603 291 1633 cuius
313 1603 363 1634 rei
385 1603 557 1633 luculenta
580 1607 786 1642 argumenta
809 1612 854 1632 ex
878 1601 1104 1641 chronologia
1125 1601 1235 1640 petita
1258 1600 1346 1631 infra
1369 1600 1574 1631 adferemus.

309 1760 336 1789 5.
381 1757 616 1798 Genealogica
639 1757 752 1788 studia
775 1757 976 1787 sacerdotes
998 1756 1187 1796 Delphicos
1210 1756 1243 1786 in
1267 1766 1343 1786 eam
1376 1756 1619 1786 necessitatem
1641 1756 1813 1795 adegisse,
1838 1762 1875 1787 ut

651 1811 900 1850 chronologiae
924 1810 1082 1842 Graecae
1110 1810 1333 1841 fundamenta
1356 1811 1515 1841 iacerent.

340 1904 411 1936 Sed
434 1906 521 1936 haec
544 1905 657 1936 studia
679 1904 918 1944 genealogica,
944 1914 1034 1944 quae
1058 1913 1274 1935 communem
1297 1902 1466 1934 Graeciae
1488 1903 1671 1934 utilitatem
1694 1904 1911 1942 spectabant,
1948 1909 1988 1934 ut

193 1959 296 1990 fidem
319 1966 490 1990 mererent
518 1964 551 1990 et
573 1959 642 1989 vim
665 1960 709 1989 ad
731 1959 1009 1998 persuadendum
1034 1959 1101 1988 sibi
1124 1962 1301 1998 pararent,
1333 1968 1400 1988 uno
1428 1957 1653 1997 potissumum
1677 1958 1876 1988 adiumento
1899 1958 1986 1988 indi-

192 2015 333 2054 gebant.
371 2013 501 2045 Ordine
519 2014 607 2044 enim
631 2020 726 2044 certo
752 2019 786 2044 et
815 2023 985 2043 consensu
1006 2023 1068 2052 per
1091 2022 1210 2043 omnes
1232 2018 1351 2051 partes
1367 2012 1593 2051 aequabiliter
1611 2012 1675 2041 sibi
1692 2017 1873 2042 constante
1897 2022 1985 2052 opus

192 2073 276 2103 erat,
299 2079 342 2100 ne
364 2069 397 2098 in
420 2074 472 2098 tot
495 2069 773 2109 anagrapharum
795 2068 941 2098 invicem
966 2078 1043 2097 sese
1066 2067 1322 2107 respicientium
1339 2066 1599 2105 comparatione
1622 2066 1751 2106 aliquid
1775 2072 1982 2105 occurreret,

196 2124 291 2163 quod
314 2128 372 2153 aut
396 2133 554 2153 mancum
578 2128 636 2153 aut
659 2124 854 2153 exuberans
877 2123 1063 2154 videretur.
1099 2123 1188 2153 Narn
1211 2123 1278 2153 hoc
1301 2132 1462 2152 maxume
1477 2122 1669 2152 cavendum
1688 2126 1772 2155 erat,
1794 2131 1838 2151 ne
1862 2131 1981 2151 eorum

191 2179 343 2213 heroum,
379 2188 521 2217 quorum
553 2178 587 2207 in
615 2178 750 2217 volgari
785 2177 877 2208 fama
907 2188 963 2208 res
996 2184 1119 2217 gestae
1158 2178 1272 2217 aliquo
1309 2176 1444 2207 vinculo
1480 2176 1701 2206 consociatae
1735 2180 1858 2211 essent,
1889 2175 1983 2206 vitae

188 2238 346 2272 tempora
368 2232 605 2271 inaequalibus
630 2243 650 2262 a
673 2233 842 2263 communi
864 2242 996 2271 proavo
1021 2232 1233 2262 Deucalione
1256 2232 1312 2262 vel
1334 2231 1462 2261 Inacho
1487 2230 1675 2260 intervallis
1707 2229 1882 2260 distarent.
1920 2229 1980 2260 Eis

187 2287 411 2317 incommodis
434 2287 499 2317 hac
519 2297 587 2316 una
610 2287 743 2317 ratione
765 2287 895 2318 occurri
917 2287 1039 2327 potuit,
1063 2292 1100 2317 ut
1115 2292 1210 2317 certa
1233 2285 1499 2325 chronologicae
1525 2284 1724 2324 disciplinae
1758 2283 1983 2314 fundamenta

187 2340 251 2370 illis
278 2341 495 2380 genealogiis
523 2341 765 2372 subicerentur.
810 2341 908 2371 Haec
931 2341 1036 2381 igitur
1059 2350 1174 2371 secum
1197 2346 1409 2379 reputantes,
1433 2339 1737 2383 quemadmodum·
1753 2349 1774 2368 a
1802 2344 1873 2368 tam
1896 2348 1975 2377 pru-

189 2395 348 2425 dentibus
371 2395 452 2425 viris
475 2396 654 2435 expectari
677 2396 798 2435 potuit,
823 2396 1025 2426 sacerdotes
1041 2395 1202 2434 Delphici
1227 2394 1479 2434 simplicissima
1502 2394 1673 2433 quaedam
1698 2398 1732 2423 et
1758 2393 1856 2423 rudia
1882 2401 1982 2431 sane,

186 2450 249 2480 sed
272 2450 451 2480 sanissima
475 2455 508 2480 et
530 2449 773 2480 fecundissima
797 2450 879 2479 artis
901 2449 1170 2489 chronologicae
1201 2449 1297 2479 initia
1320 2449 1578 2479 constituerunt.
1624 2448 1743 2487 Atque
1765 2448 1852 2478 haec
1873 2446 1974 2477 huius
