2221 3038
1045 316 1078 346 V

183 407 270 439 conf.
295 407 629 439 Commentationem
655 413 809 438 nostram
836 407 868 438 in
900 407 996 439 Pind.
1020 408 1131 439 locum
1161 409 1206 439 de
1236 409 1325 439 ludis
1348 408 1486 450 Pythiis
1509 407 1692 449 Sicyoniis,
1723 409 1866 441 Bonnae
1892 412 1982 447 1883,

183 472 215 503 p.
238 464 267 494 4.
314 462 504 493 Commenti
536 462 640 502 igitur
674 467 752 492 sunt
796 461 905 497 Hosii,
949 471 1018 502 quo
1054 462 1182 493 scilicet
1215 463 1342 493 certius
1381 464 1424 494 de
1457 462 1671 494 Graecorum
1707 465 1914 505 populorum
1946 472 1981 497 et

183 516 338 557 stirpium
374 526 456 547 vera
488 515 711 546 fraternitate
744 521 931 550 constaret,
965 526 1116 556 proavos
1150 517 1323 556 quondam
1359 527 1555 558 eponymos
1583 528 1701 549 earum
1735 519 1890 559 stirpium
1912 530 1981 551 non

182 572 288 603 modo
310 577 425 602 mente
447 576 482 601 et
505 579 635 604 amore,
658 570 762 600 immo
782 570 950 610 sanguine
984 570 1061 610 ipso
1083 569 1210 601 fratres
1232 581 1418 611 germanos
1441 571 1547 603 fuisse
1571 573 1615 603 ab
1632 573 1762 603 eisdem
1778 573 1980 613 parentibus

182 632 287 658 ortos.
331 625 453 665 Itaque
486 631 604 655 natum
642 631 695 655 est
728 625 760 654 in
790 624 954 664 Delphici
988 625 1108 665 templi
1142 625 1388 665 penetralibus,
1412 643 1449 648 —
1475 633 1581 667 atque
1613 627 1694 658 nulli
1728 637 1878 667 unquam
1899 629 1980 669 piae

181 680 294 712 fraudi
317 679 472 720 paratior
495 679 678 710 excusatio
703 678 774 716 fuit,
791 696 827 700 —-
847 684 964 709 natum
987 685 1039 709 est
1064 685 1206 710 stemma
1237 679 1319 710 illud
1343 680 1675 717 celebratissumum,
1698 681 1732 712 in
1755 691 1823 722 quo
1844 682 1981 721 Hellen,

182 734 406 766 Deucalionis
428 739 462 764 et
478 733 636 773 Pyrrhae
656 732 754 770 filius,
778 738 880 773 pater
903 739 956 763 est
979 732 1080 763 trium
1103 734 1267 764 heroum:
1292 734 1406 770 Aeoli,
1431 734 1527 770 Dori,
1549 735 1670 772 Xuthi,
1693 746 1840 776 quorum
1863 747 1980 768 rursus

180 787 241 819 filii
264 787 486 828 plurimarum
515 787 547 818 in
575 785 725 818 Graecia
751 786 908 827 stirpium
937 787 1152 818 heroicarum
1185 794 1348 827 parentes
1378 788 1459 820 facti
1483 789 1558 821 sint.
1604 790 1736 821 Aeolus
1759 791 1852 830 quod
1876 791 1981 831 pluri-

182 852 258 874 mos
280 841 370 872 filios
392 842 507 882 habet,
530 841 650 872 mirum
673 851 741 872 non
765 847 826 872 est.
870 842 992 880 Αἰολεῖς
1017 842 1106 872 enim
1128 842 1285 873 homines
1304 839 1476 874 “mixtos''
1501 854 1546 874 ex
1578 845 1752 875 variorum
1775 846 1980 886 populorum

180 897 314 929 colonis
337 897 370 927 in
391 897 500 927 Asiae
526 896 643 927 littore
667 895 848 936 significat,
872 902 978 936 atque
1000 896 1047 926 ita
1075 897 1142 927 iam
1167 896 1343 928 Menecles
1366 897 1541 928 Barcaeus
1565 898 1616 936 (C.
1633 898 1823 938 Mueller,
1849 899 1980 932 Histor.

180 950 304 983 Graec.
328 950 450 991 fragm.
473 950 534 990 IV,
559 961 591 990 p.
615 951 774 987 448—51)
796 960 922 981 nomen
947 950 1121 990 explicuit,
1151 950 1301 991 Etymol.
1338 961 1452 992 magn.
1482 963 1514 993 p.
1538 953 1588 990 37,
1612 954 1646 984 6:
1678 953 1978 993 Αἰολεῖς...ὡς...

181 1006 349 1045 Μενεκλῆς
371 1006 423 1037 διὰ
445 1006 483 1036 τὸ
505 1005 540 1036 ἐκ
566 1006 697 1036 πολλῶν
721 1005 822 1036 ἐθνῶν
845 1006 1085 1043 συνηθροῖσθαι,
1113 1004 1202 1036 conf.
1218 1005 1394 1041 Duncker,
1419 1006 1544 1038 Gesch.
1562 1008 1624 1037 des
1647 1007 1797 1040 Alterth.
1814 1008 1892 1044 1112,
1916 1010 1974 1041 311

181 1067 216 1091 et
233 1061 304 1092 546.
342 1059 419 1090 Hoc
435 1059 540 1100 igitur
556 1069 683 1090 nomen
707 1060 751 1089 ab
775 1059 863 1089 illius
879 1059 1070 1090 stemmatis
1083 1060 1281 1090 auctoribus
1294 1060 1328 1090 in
1344 1071 1405 1092 eos
1419 1059 1590 1092 Graeciae
1606 1062 1756 1102 populos
1772 1063 1978 1094 translatum

182 1121 246 1151 est,
271 1125 290 1146 e
313 1115 438 1155 quibus
462 1114 573 1144 coloni
595 1113 645 1144 illi
668 1114 836 1145 exierant.
871 1112 987 1153 Quare
1004 1113 1118 1145 Aeolo
1143 1119 1195 1144 tot
1215 1113 1306 1145 filios
1329 1125 1407 1146 esse
1429 1116 1628 1155 oportebat,
1650 1122 1735 1155 quot
1751 1115 1978 1148 Aeolensium

180 1170 214 1201 in
237 1168 385 1200 Graecia
413 1168 539 1208 stirpes
562 1174 836 1198 numerarentur.
881 1167 1054 1208 Quantam
1079 1174 1194 1199 autem
1216 1169 1461 1209 antiquissimis
1487 1170 1553 1200 illis
1577 1170 1793 1210 temporibus
1816 1169 1919 1202 fidem
1943 1177 1978 1203 et

180 1223 423 1256 auctoritatem
446 1223 512 1253 hoc
535 1222 579 1253 de
604 1221 760 1252 Hellenis
781 1221 858 1252 filiis
882 1222 1011 1262 dogma
1032 1228 1169 1253 nactum
1193 1223 1246 1263 sit,
1273 1233 1317 1254 ex
1342 1223 1499 1254 Hesiodo
1527 1230 1683 1264 apparet,
1711 1225 1768 1264 qui
1803 1225 1835 1255 in
1873 1225 1978 1257 Eoeis

181 1279 270 1310 hanc
292 1277 539 1317 genealogiam
567 1277 819 1316 propemodum
843 1282 879 1306 ut
902 1275 1160 1307 fundamentum
1183 1278 1345 1308 universo
1376 1278 1517 1308 carmini
1543 1279 1742 1310 substruxit.
1786 1279 1901 1310 Locus
1924 1286 1978 1311 est

183 1331 514 1373 praestantissumus
547 1331 642 1370 apud
666 1330 829 1361 Tzetzam
863 1331 907 1361 ad
943 1330 1025 1370 Lyc.
1050 1331 1109 1362 284
1144 1330 1317 1371 (Hesiodi,
1351 1331 1483 1363 Eumeli
1507 1338 1571 1363 etc.
1606 1331 1728 1372 fragm.
1763 1334 1815 1365 ed.
1839 1333 1978 1365 Marck-

180 1385 323 1419 scheffel
343 1396 376 1426 p.
393 1385 484 1422 278):
507 1385 671 1424 Ἕλληνος
695 1385 723 1416 δ’
736 1385 888 1422 ἐγένοντο
911 1386 1139 1423 θεμιστοπόλοι
1162 1388 1315 1426 βασιλῆες
1340 1386 1352 1426 Η
1374 1388 1495 1426 Δῶρός
1519 1397 1552 1419 τε
1577 1387 1706 1426 Ξοῦθός
1729 1398 1763 1420 τε
1788 1388 1839 1419 καὶ
1860 1389 1976 1428 Αἴολος

178 1438 404 1479 ἱππιοχάρμης.
427 1440 439 1479 Η
462 1440 605 1471 Αἰολίδαι
630 1438 658 1471 δ’
680 1439 833 1476 ἐγένοντο
855 1440 1083 1477 θεμιστοπόλοι
1115 1442 1268 1480 βασιλῆες
1290 1441 1301 1481 Η
1325 1441 1466 1480 Κρηθεὺς
1489 1441 1539 1479 ἠδ’
1575 1436 1714 1480 Ἀθάμας
1746 1442 1796 1474 καὶ
1828 1443 1974 1482 Σίσυφος

180 1493 376 1533 αἰολομήτης
399 1494 411 1533 Η
436 1494 632 1532 Σαλμωνεύς
654 1493 681 1524 τ’
706 1493 817 1532 ἄδικος
839 1494 890 1525 καὶ
912 1494 1093 1533 ὑπέρθυμος
1118 1494 1289 1534 Περιήρης.

178 1650 207 1680 4.
250 1648 416 1689 Hellenis,
439 1649 662 1681 Deucalionis
686 1649 718 1688 f.‚
741 1649 906 1690 prosapia
929 1659 1006 1681 cum
1029 1659 1096 1680 non
1118 1648 1293 1680 sufficeret
1316 1650 1361 1680 ad
1383 1649 1579 1681 universam
1609 1650 1747 1691 copiam
1770 1650 1973 1690 capiendam

221 1703 254 1734 in
271 1703 546 1744 supplementum
564 1705 771 1744 adsumptus
787 1710 841 1735 est
857 1704 1016 1738 Inachus.
1040 1714 1061 1734 a
1076 1713 1144 1743 quo
1161 1704 1252 1734 duae
1268 1704 1395 1744 stirpes
1411 1704 1582 1734 oriuntur:
1601 1704 1676 1735 Beli
1693 1710 1727 1735 et
1743 1704 1930 1745 Agenoris.

451 1758 662 1798 Apollodori
687 1759 920 1790 bibliothecae
943 1757 1150 1798 compositio
1176 1758 1300 1789 eodem
1324 1757 1548 1789 fundamento
1571 1759 1697 1790 nititur.

327 1848 403 1880 Hoc
439 1849 544 1890 igitur
578 1856 727 1881 stemma
748 1849 903 1881 Hellenis
936 1849 1026 1880 filios
1063 1851 1284 1890 complexum
1318 1849 1449 1890 optimo
1483 1856 1516 1881 et
1547 1850 1728 1881 utilissimo
1760 1851 1904 1882 consilio
1929 1851 1973 1882 ab

179 1902 461 1945 Amphictyonici
484 1904 638 1935 foederis
663 1905 836 1935 tutoribus
852 1905 1129 1936 sacerdotalibus
1152 1905 1381 1945 compositum
1405 1910 1490 1935 erat.
1535 1903 1607 1935 Sed
1636 1910 1672 1936 ut
1701 1904 1749 1942 fit,
1772 1905 1870 1936 brevi
1893 1911 1974 1946 post

182 1958 250 1990 hoc
273 1963 420 1990 stemma
447 1958 563 1999 aliquo
594 1959 813 1990 incommodo
836 1959 997 1990 laborare
1021 1959 1233 1991 intellectum
1265 1965 1327 1990 est.
1373 1958 1539 1999 Quamvis
1564 1959 1653 1990 enirn
1677 1960 1869 2000 permultae
1892 1971 1976 1992 sane

179 2012 394 2045 Graecorum
427 2012 554 2053 stirpes
589 2023 632 2044 eo
665 2014 1050 2054 comprehenderentur,
1086 2019 1204 2045 tamen
1238 2019 1335 2045 tanta
1359 2020 1433 2045 erat
1455 2013 1650 2045 fabularum
1672 2015 1889 2046 heroicarum
1912 2025 1976 2055 per

180 2077 317 2098 omnem
333 2065 516 2098 Graeciam
537 2067 646 2108 copia,
669 2073 706 2099 ut
722 2068 798 2099 illas
814 2078 934 2099 omnes
954 2069 999 2099 ad
1013 2078 1116 2099 unum
1133 2074 1247 2099 ortum
1271 2075 1306 2100 et
1329 2069 1374 2100 ad
1397 2079 1500 2100 unum
1524 2075 1706 2109 parentum
1719 2079 1783 2109 par
1799 2079 1973 2105 revocare,

180 2121 280 2152 nimis
301 2121 418 2152 hercle
441 2122 586 2152 arduum
609 2127 643 2153 et
666 2123 782 2153 audax
806 2122 988 2163 inceptum,
1011 2123 1110 2153 nullis
1132 2123 1380 2154 Procustarum
1405 2122 1559 2155 artificiis
1581 2123 1837 2164 perficiendum,
1865 2124 1975 2154 videri

180 2176 335 2207 deberet.
378 2175 500 2216 Itaque
521 2184 661 2216 praeter
678 2176 904 2208 Deucalionis
927 2177 1068 2218 stirpem
1091 2178 1235 2209 alteram
1259 2178 1291 2208 in
1308 2178 1585 2218 supplementum
1605 2179 1882 2218 adsumpserunt,
1905 2189 1973 2219 qua

180 2229 458 2270 Peloponnesios
470 2231 697 2271 potissumum
720 2237 755 2263 et
765 2231 935 2263 Boeotios
952 2233 1079 2263 heroes
1094 2233 1436 2273 comprehenderent,
1458 2232 1558 2272 eique
1574 2239 1612 2264 ut
1627 2233 1776 2263 omnium
1791 2239 1973 2264 atavorum

179 2285 450 2316 vetustissimum
475 2285 640 2317 Inachum
675 2285 922 2326 praefixerunt.
977 2286 1035 2317 Ab
1058 2286 1186 2317 Inacho
1214 2293 1310 2318 recto
1334 2287 1454 2318 ordine
1479 2287 1706 2319 descendunt:
1736 2287 1784 2323 Io,
1808 2287 1973 2327 Epaphus

181 2338 303 2379 Libya.
338 2349 429 2379 quae
461 2339 623 2379 Neptuno
653 2341 760 2372 nubit.
804 2340 876 2371 Iam
910 2341 955 2372 ab
978 2341 1110 2381 Libyae
1145 2340 1221 2372 filiis
1243 2342 1329 2373 Belo
1363 2349 1398 2373 et
1420 2341 1589 2382 Agenore
1621 2342 1710 2372 duae
1733 2352 1850 2373 rursus
1873 2342 1973 2373 huius

182 2392 355 2424 Inacheae
370 2393 559 2434 prosapiae
575 2395 788 2435 propagines
804 2401 988 2435 separatae
1005 2395 1171 2427 oriuntur.
1209 2396 1355 2437 Agenor
1372 2396 1538 2427 Cadmum
1555 2403 1715 2436 procreat
1732 2402 1766 2428 et
1782 2395 1973 2427 clarissumi

183 2447 427 2479 Cadmidarum
471 2448 821 2489 Labdacidarumque
858 2450 998 2490 generis
1033 2460 1185 2490 proavus
1216 2450 1270 2486 fin
1308 2461 1329 2481 a
1357 2450 1443 2482 Belo
1470 2450 1615 2481 Danaus
1648 2451 1827 2482 descendit
1867 2456 1972 2491 atque
