2196 3006
1043 312 1115 343 XII

186 423 262 453 Hac
297 427 366 452 tam
413 420 539 459 exigua
581 426 745 447 annorum
790 424 920 444 summa
959 413 1146 444 constituta
1186 422 1286 442 omne
1331 410 1398 440 iam
1451 410 1624 441 vinculum
1673 409 1762 440 inter
1814 414 1967 440 aetatum

185 486 361 507 numerum
401 480 433 504 et
471 472 675 503 indutiarum
712 475 848 508 tempus
892 467 1062 497 sublatum
1103 471 1185 497 erat.
1225 465 1312 496 conf.
1347 465 1574 499 Brandisium,
1615 465 1658 495 de
1692 464 1810 503 Temp.
1847 463 1969 494 Graec.

187 536 253 561 ant.
276 535 336 559 rat.
358 539 390 568 p.
416 528 452 558 17
475 537 524 566 sq.

335 583 411 612 Hoc
444 580 703 611 Heraclidarum
733 576 924 607 stemmatis
959 574 1155 613 exemplum
1190 574 1270 604 ideo
1314 573 1506 604 accuratius
1549 572 1804 605 illustravimus,
1850 577 1888 601 ut
1930 581 1971 602 eo

188 637 372 678 specimine
407 636 498 666 clare
520 633 785 671 intellegeretur,
819 636 1033 670 quantopere
1065 627 1324 667 antiquissimae
1347 627 1607 667 chronologiae,
1640 637 1729 666 quae
1755 626 1789 656 in
1811 625 1973 665 Delphici

188 691 326 723 sacrarii
360 689 467 720 tutela
489 693 569 717 nata
592 691 674 717 erat.
697 684 897 724 simplicitas
932 688 966 713 et
998 681 1226 722 perspicuitas
1255 686 1494 717 scrutatorum,
1529 681 1587 720 qui
1617 685 1742 720 postea
1775 680 1977 716 extiterunt,

189 747 290 776 docta
308 750 340 774 et
364 743 496 774 erudita
513 751 619 780 opera
643 741 829 770 obscurata
852 738 916 774 vel,
941 737 969 766 si
992 737 1044 766 fas
1069 741 1121 766 est
1139 735 1262 771 dicere,
1288 736 1479 775 depravata
1502 735 1554 769 sit,
1579 735 1746 774 siquidem
1769 733 1893 764 infelici
1916 734 1973 764 illo

192 798 393 830 conciliandi
417 803 451 827 et
474 794 693 826 consociandi
715 792 826 823 studio
851 802 901 825 ea.
925 801 1014 831 quae
1036 802 1056 820 a
1079 790 1197 829 primis
1213 789 1317 820 initiis
1342 790 1575 828 dissonabant,
1597 794 1711 819 tamen
1728 789 1762 818 in
1779 788 1974 819 discordem

188 854 335 893 aliquam
351 850 566 883 concordiam
583 857 791 888 componere
820 845 1003 886 periclitati
1027 849 1112 875 sunt.
1150 844 1221 875 Sed
1243 845 1331 874 haec
1351 843 1584 883 posteriorum
1608 843 1825 874 saeculorum
1842 843 1971 882 qualia-

189 917 321 947 cunque
337 905 477 936 artificia
492 914 579 934 nunc
598 902 732 933 interim
745 901 930 931 mittamus.
947 899 1036 929 Illud
1048 899 1163 938 potius
1181 898 1324 929 firmiter
1337 899 1523 929 tenendum
1536 903 1597 933 est,
1613 897 1848 928 vetustissima
1861 896 1975 927 studia

188 961 424 1003 genealogica,
450 958 564 998 qualia
580 956 726 996 Delphis
748 956 959 987 colebantur,
986 952 1265 983 coniunctissima
1282 962 1418 991 semper
1442 952 1548 982 fuisse
1569 962 1645 982 cum
1662 952 1719 981 illa
1736 951 1973 991 chronologia,

189 1026 276 1056 quae
300 1019 430 1044 aetates
454 1022 623 1042 annorum
647 1010 727 1049 33¹s3
744 1009 976 1048 computabat.
1011 1007 1053 1036 Et
1076 1008 1163 1038 haec
1186 1007 1324 1047 quidem
1349 1007 1447 1036 unius
1471 1006 1593 1037 aetatis
1611 1005 1762 1036 definitio
1780 1005 1852 1036 sine
1869 1005 1973 1035 dubio

192 1070 237 1100 illi
260 1079 395 1108 quoque
418 1066 658 1097 venustissimo
692 1064 778 1094 lusui
811 1063 966 1093 subiecta
989 1068 1049 1095 est,
1085 1072 1163 1101 quo,
1200 1071 1370 1101 quaenam
1405 1071 1450 1091 ex
1474 1061 1705 1090 animantibus
1735 1061 1824 1090 hanc
1847 1065 1974 1090 terram

188 1122 413 1154 incolentibus
446 1121 658 1160 longissuma
690 1119 759 1148 vita
782 1117 947 1151 fruantur,
984 1115 1177 1156 exponitur.
1231 1115 1409 1145 Hesiodus
1446 1115 1478 1144 in
1516 1114 1630 1154 aliquo
1656 1114 1806 1145 carmine
1829 1124 1932 1144 unam
1955 1124 1974 1144 e

188 1177 347 1218 nymphis
380 1176 569 1207 Naiadibus
603 1174 751 1204 finxerat
786 1174 828 1203 de
862 1172 955 1202 vitae
990 1171 1112 1211 spatio,
1147 1171 1239 1209 quod
1271 1171 1499 1209 nympharum
1531 1169 1652 1209 generi
1689 1178 1890 1199 concessum
1923 1167 1975 1204 sit,

189 1233 422 1262 disserentem.
458 1230 508 1260 Ea
531 1230 619 1259 hunc
642 1228 676 1257 in
697 1228 836 1257 modum
859 1226 1080 1266 lepidissume
1104 1224 1203 1254 huius
1226 1223 1276 1254 rei
1298 1224 1467 1254 rationem
1490 1223 1603 1254 reddit
1627 1224 1719 1263 apud
1740 1223 1973 1258 Plutarchum,

188 1287 231 1317 de
253 1285 331 1316 Def.
356 1295 444 1315 orac.
474 1285 521 1323 11,
545 1283 601 1323 qui
626 1284 668 1313 ab
693 1282 845 1322 nympha
869 1281 946 1320 ipsa
969 1280 1054 1310 haec
1079 1279 1187 1309 verba
1210 1277 1357 1318 proferri
1381 1279 1464 1307 data
1488 1287 1596 1317 opera
1619 1278 1771 1308 adnotat.
1788 1277 1878 1308 Plut.
1895 1278 1916 1307 l.
1934 1287 1974 1307 s.:

186 1341 336 1378 Ἡσίοδος
359 1340 455 1370 οἴεται
476 1339 526 1369 καὶ
548 1338 709 1376 περιόδοις
733 1344 795 1367 τισι
818 1336 943 1374 χρόνων
966 1335 1111 1372 γίνεσθαι
1134 1335 1201 1371 τοῖς
1225 1332 1354 1371 δαίμοσι
1377 1333 1435 1371 τὰς
1459 1333 1623 1371 τελευτάς·
1659 1332 1743 1368 λέγει
1774 1332 1836 1369 γὰρ
1869 1332 1903 1362 ἐν
1930 1334 1975 1371 τῷ

186 1398 243 1433 τῆς
276 1395 393 1433 Ναΐδος
426 1394 588 1434 προσώπῳ
623 1393 672 1423 καὶ
706 1392 762 1422 τὸν
795 1391 913 1429 χρόνον
936 1389 1167 1426 αἰνιττόμενος·
1191 1387 1310 1418 Ἐννέα
1333 1397 1381 1417 τοι
1400 1387 1470 1418 zinci
1495 1387 1609 1425 γενεὰς
1638 1386 1792 1424 λακέρυζα
1815 1386 1941 1424 κορώνη
1963 1385 1976 1425 ΙΙ

187 1449 312 1488 ἀνδρῶν
342 1449 505 1487 ἡβώντων’
536 1448 659 1486 ἔλαφος
687 1447 721 1477 δέ
744 1456 777 1476 τε
800 1444 1056 1483 τετρακόρωνος”
1080 1442 1092 1482 ΙΙ
1113 1444 1197 1480 τρεῖς
1227 1441 1253 1472 δ’
1271 1441 1415 1480 ἐλάφους
1439 1442 1457 1472 ὁ
1481 1441 1578 1479 κόραξ
1601 1440 1808 1479 γηράσκεται·
1833 1440 1934 1479 αὐτὰρ
1957 1440 1975 1472 ὁ

187 1506 290 1543 φοῖνιξ
313 1503 325 1543 Η
348 1504 440 1534 ἐννέα
474 1504 550 1540 τοὺς
578 1502 732 1540 κόρακας·
767 1501 843 1531 δέκα
872 1499 897 1530 δ’
929 1499 1019 1536 ἡμεῖς
1049 1497 1125 1535 τοὺς
1153 1496 1304 1535 φοίνικας
1324 1495 1336 1535 ΙΙ
1363 1496 1491 1534 Νύμφαι
1520 1495 1724 1533 ἐϋπλόκαμοι,
1755 1497 1866 1533 κοῦραι
1892 1495 1975 1533 Διὸς

188 1558 350 1596 αἰγιόχοιο.
384 1557 470 1588 conf.
505 1554 781 1592 Marckscheffel,
816 1553 961 1584 Hesiodi
993 1552 1116 1591 fragm.
1151 1561 1183 1590 p.
1207 1551 1278 1581 376.
1313 1550 1473 1582 Scholam
1497 1550 1711 1580 Hesiodeam
1745 1550 1891 1580 eandem
1918 1549 1975 1579 uni

187 1612 362 1641 hominum
387 1611 492 1641 aetati
517 1610 637 1650 (γενεᾷ)
662 1618 853 1639 mensuram
872 1607 1124 1647 adsignavisse,
1149 1615 1252 1645 quam
1270 1605 1462 1645 Delphicos
1478 1606 1688 1639 sacerdotes,
1712 1614 1780 1634 non
1805 1608 1858 1635 est
1881 1604 1975 1644 quod

189 1667 471 1696 demonstremus.

267 1820 310 1850 11.
354 1819 544 1858 Antiquum
568 1818 600 1848 in
624 1817 792 1847 Thebana
815 1816 1018 1855 anagrapha
1040 1814 1229 1849 artificium,
1254 1824 1324 1853 quo
1349 1819 1492 1853 septem,
1516 1823 1602 1853 quas
1626 1813 1778 1843 Tiresias
1801 1812 1897 1847 vixit,

402 1878 536 1903 aetates
560 1878 692 1912 septem
716 1881 837 1911 regum
861 1870 977 1909 regnis
999 1869 1262 1909 responderunt,
1287 1878 1355 1907 quo
1379 1867 1523 1898 artificio
1546 1867 1761 1907 posteriores

673 1925 920 1965 chronologiae
943 1923 1099 1964 magistri
1124 1923 1262 1953 eludere
1287 1922 1487 1952 studuerint.

338 2018 400 2048 His
435 2017 592 2048 stabilitis
625 2023 659 2048 et
692 2017 748 2047 via
783 2017 827 2046 ad
857 2015 1021 2046 ulteriora
1056 2014 1139 2044 satis
1161 2013 1291 2044 munita
1315 2014 1383 2043 iam
1417 2023 1457 2043 eo
1480 2023 1568 2044 nunc
1591 2013 1758 2043 accedere
1780 2011 1906 2046 licebit,
1939 2015 1977 2041 ut

190 2073 476 2112 quemadmodum
501 2072 674 2102 sollemnis
698 2071 755 2100 illa
779 2075 931 2100 aetatum
954 2079 1114 2099 mensura
1134 2067 1167 2098 in
1186 2067 1397 2107 anagraphis
1422 2067 1634 2098 delineandis
1664 2067 1707 2097 ab
1731 2066 1796 2096 illis
1830 2066 1976 2096 chrono-

190 2127 304 2167 logiae
328 2126 557 2157 adulescentis
580 2125 802 2156 nutritoribus
837 2129 871 2154 et
894 2123 1082 2154 cultoribus
1105 2122 1260 2152 adhibita
1284 2122 1336 2157 sit,
1371 2123 1656 2152 demonstremus.
1711 2121 1770 2150 Ad
1799 2130 1876 2150 eam
1905 2129 1976 2150 rem

190 2181 427 2212 illustrandam
463 2180 589 2210 nullum
624 2180 821 2219 exemplum
854 2177 967 2217 magis
990 2177 1149 2207 idoneum
1172 2182 1234 2211 est,
1270 2186 1372 2216 quam
1396 2176 1486 2212 illud,
1518 2176 1611 2215 quod
1641 2175 1673 2205 in
1696 2184 1817 2218 regum
1840 2174 1976 2204 Theba-

191 2245 311 2266 norum
336 2246 356 2265 a
382 2235 513 2266 Cadmo
538 2236 582 2264 ad
606 2234 871 2270 'l'hersaiidruni,
900 2231 1076 2272 Polynicis
1097 2230 1212 2266 filium,
1245 2231 1334 2261 serie
1358 2230 1575 2270 conspicitur.
1620 2230 1865 2260 Thebanorum
1888 2227 1978 2258 enim

191 2291 303 2324 rebus,
341 2290 389 2319 uti
424 2300 486 2329 par
521 2294 593 2320 erat
626 2289 657 2318 in
693 2288 830 2319 civitate
864 2293 934 2317 tam
968 2286 1079 2316 vicina
1113 2290 1147 2316 et
1170 2285 1393 2324 plurimarum
1416 2295 1530 2315 rerum
1555 2283 1761 2315 commercio
1785 2282 1976 2316 coniuncta,

190 2344 350 2384 Delphici
367 2344 566 2374 sacerdotes
590 2343 799 2383 singularem
822 2351 939 2372 curam
961 2340 1200 2370 adhibuerunt.
1234 2339 1352 2379 Atque
1375 2349 1504 2379 operae
1527 2338 1676 2378 pretium
1692 2338 1806 2368 hercle
1833 2342 1886 2367 est
1908 2337 1975 2366 hoc

191 2398 370 2429 artificium
386 2398 578 2428 accuratius
601 2396 835 2437 contemplari,
856 2396 889 2425 in
908 2405 976 2435 quo
997 2394 1080 2424 illud
1100 2403 1237 2433 quoque
1256 2393 1433 2432 provisum
1456 2399 1518 2433 est,
1553 2398 1590 2423 ut
1620 2392 1652 2422 in
1675 2392 1825 2422 fatorum
1847 2390 1977 2421 vicissi-

190 2452 364 2484 tudinibus
383 2451 554 2492 Apollinis
575 2462 698 2482 numen
720 2452 813 2482 clara
842 2451 917 2481 luce
943 2450 1152 2490 splenderet.
1189 2447 1264 2477 Res
1282 2447 1438 2487 profecto
1465 2457 1533 2478 non
1560 2447 1675 2487 potuit
1697 2455 1810 2485 neque
1832 2444 1975 2485 peritius
