2221 3038
1041 305 1108 337 vn

172 403 374 444 disciplinae
410 402 522 443 prima
558 400 735 442 principia.
772 400 1025 441 qualiacunque
1065 407 1153 435 sunt,
1187 407 1306 431 tamen
1345 399 1539 431 accuratius
1573 408 1787 439 cognoscere
1815 408 1892 430 eam
1921 400 1967 430 ob

172 467 331 490 caussam
365 463 399 488 et
421 456 610 496 voluptatis
632 455 817 496 plurimum
841 462 877 486 et
904 454 1059 485 utilitatis
1082 455 1199 495 habet,
1229 455 1324 495 quod
1347 463 1556 494 quamquam
1580 453 1683 494 prisci
1705 453 1794 484 illius
1821 452 1966 485 aedificii

172 513 293 544 trabes
325 518 360 543 et
382 511 518 552 lapides
540 511 586 541 ab
609 509 853 541 eruditioribus
876 510 997 540 harum
1030 519 1144 540 rerum
1172 509 1422 540 scrutatoribus
1444 513 1570 548 postea
1597 507 1674 539 loco
1696 507 1793 542 moti.
1825 507 1967 542 disiecti.

172 576 305 598 sursum
322 567 484 598 deorsum
500 564 618 596 iactati
634 572 724 600 sunt.
748 572 863 596 tamen
879 564 1043 604 antiquae
1062 570 1256 594 structurae
1271 563 1436 603 reliquiae
1452 563 1626 603 quaedam
1646 561 1966 602 praestantissimae

172 626 209 652 et
230 620 432 652 indelebiles
454 620 659 660 superstites
681 625 891 658 manserunt,
925 629 1012 659 quas
1035 619 1091 650 vel
1113 618 1352 649 audacissimis
1381 618 1447 648 illis
1470 616 1758 648 emendatoribus
1780 622 1967 648 attrectare

170 674 270 707 nefas
315 675 426 705 visum
465 681 529 705 est.
586 673 710 714 Itaque
751 683 835 704 vere
870 674 937 704 hoc
980 673 1046 704 dici
1082 679 1211 714 potest,
1252 672 1412 712 antiquos
1452 671 1530 702 illos
1573 671 1781 702 architectos
1816 671 1966 703 minume

168 728 296 761 frustra
318 729 528 760 elaborasse.

284 882 313 914 6.
363 882 636 922 Chronologiam
662 880 871 922 Delphicam
895 881 1031 911 duobus
1053 880 1228 921 principiis
1251 880 1328 911 niti:
1352 881 1498 922 primum
1522 887 1685 917 aetatum,
1709 890 1856 921 quarum

387 946 622 978 unaquaeque
644 945 813 967 annorum
835 936 880 967 sit
902 935 994 976 33¹s„
1021 935 1288 976 computatione,
1316 935 1440 967 deinde
1463 936 1537 966 eius
1560 935 1638 966 anni
1661 945 1752 972 aera,

529 1001 602 1032 quo
630 990 703 1022 ludi
726 989 842 1031 Pythii
869 990 1042 1021 coronarii
1064 989 1146 1021 facti
1168 995 1262 1022 sunt:
1285 989 1339 1021 Ol.
1362 990 1414 1029 49,
1437 990 1456 1021 3
1473 1003 1511 1016 =
1531 990 1602 1021 582.

318 1080 391 1112 Iam
431 1080 538 1121 igitur
571 1081 603 1111 in
638 1079 882 1120 antiquissimis
914 1079 980 1110 illis
1012 1080 1259 1121 chronologiae
1297 1081 1500 1112 rudimentis
1537 1081 1778 1117 instaurandis,
1818 1092 1963 1123 quorum

169 1136 340 1168 Pindarus
361 1135 591 1176 potissumum
614 1134 713 1166 testis
737 1139 799 1168 est.
835 1143 944 1175 opera
976 1141 1095 1165 nostra
1125 1135 1328 1166 versabitur.
1382 1133 1470 1167 Sunt
1504 1141 1619 1167 autem
1643 1136 1711 1167 duo
1738 1136 1963 1177 potissumum

175 1190 355 1232 principia.
385 1189 510 1230 quibus
541 1188 765 1220 vetustissimi
793 1187 840 1219 illi
863 1188 1112 1228 chronologiae
1144 1189 1302 1229 magistri
1328 1190 1481 1220 rationes
1508 1196 1542 1221 et
1565 1190 1715 1221 calculos
1739 1201 1821 1221 suos
1843 1201 1962 1231 super—

174 1250 383 1276 struxerunt.
427 1243 579 1275 Primum
603 1244 669 1274 hoc
691 1248 864 1278 curarunt.
900 1247 938 1272 ut
971 1248 1101 1273 certam
1135 1243 1293 1283 aliquam,
1328 1245 1372 1274 ad
1406 1254 1509 1284 quam
1532 1243 1663 1274 infinita
1685 1243 1744 1275 illa
1766 1250 1962 1285 temporum

177 1299 292 1340 spatia
330 1298 523 1339 exigerent.
566 1307 762 1328 mensuram
796 1297 1055 1328 constituerent.
1109 1295 1298 1337 Elegerunt
1339 1305 1454 1329 autem
1490 1298 1524 1329 in
1556 1299 1644 1329 hunc
1678 1297 1781 1330 finem
1814 1299 1961 1340 spatium

173 1363 336 1384 maxume
357 1353 515 1384 naturale
540 1358 574 1383 et
597 1351 738 1391 antiquo
761 1359 867 1385 more.
891 1356 929 1380 ut
950 1350 1098 1390 videtur,
1120 1350 1187 1381 iam
1210 1352 1494 1393 praeformatum,
1523 1353 1622 1383 unius
1643 1353 1789 1383 hominis
1811 1360 1961 1385 aetatem

168 1408 311 1447 (γενεάν)
348 1417 516 1438 annorum
546 1407 637 1446 33¹4.
697 1405 824 1436 Earum
862 1411 1011 1436 aetatum
1047 1411 1117 1436 tres
1147 1415 1250 1436 unum
1285 1407 1459 1438 saeculum
1482 1405 1643 1441 efficiunt.
1669 1408 1961 1447 quemadmodum

171 1463 266 1494 clare
288 1467 435 1492 testatur
457 1461 659 1492 Herodotus
683 1460 759 1491 loco
783 1459 1057 1491 celebratissimo
1081 1459 1123 1496 11,
1148 1461 1223 1492 142:
1252 1461 1431 1499 τριηκόσιαι
1453 1462 1511 1500 μὲν
1533 1461 1661 1500 ἀνδρῶν
1683 1462 1790 1498 γενεαὶ
1811 1463 1961 1494 δυνέαται

168 1516 266 1555 μύρια
288 1516 376 1548 ἔτεα·
398 1516 505 1552 γενεαὶ
526 1516 588 1554 γὰρ
610 1516 696 1554 τρεῖς
719 1514 848 1553 ἀνδρῶν
870 1514 986 1546 ἑκατὸν
1010 1514 1083 1546 ἔτεά
1105 1515 1182 1546 ἐστι.
1225 1515 1304 1546 Fuit
1327 1515 1416 1546 enim
1432 1522 1533 1547 vetus
1548 1515 1764 1556 antiquorum
1786 1517 1960 1548 hominum

164 1570 294 1611 opinio.
318 1575 372 1601 tot
395 1569 504 1601 ferme
527 1578 695 1600 annorum
719 1579 797 1600 esse
819 1565 935 1599 “illum
958 1563 1109 1605 orbem’',
1142 1579 1212 1609 quo
1236 1570 1398 1600 absoluto
1431 1571 1558 1600 natura
1586 1569 1736 1600 humana
1767 1580 1788 1600 a
1820 1570 1966 1602 sementi

162 1623 211 1656 ad
227 1623 403 1655 sementim
430 1622 622 1654 revertitur
644 1622 868 1662 (Censorinus
891 1624 935 1654 de
959 1623 1015 1654 die
1037 1629 1106 1655 nat.
1135 1624 1182 1659 17,
1208 1624 1247 1662 1).
1289 1624 1451 1655 Alterum
1470 1624 1685 1664 principium,
1703 1634 1774 1665 quo
1796 1630 1960 1665 tanquam

165 1678 283 1720 aliquo
308 1679 341 1710 in
364 1679 509 1710 aedibus
545 1678 689 1709 tibicine
719 1678 875 1709 iuvenilis
907 1678 966 1708 illa
999 1678 1226 1718 chronologia
1248 1679 1431 1715 nitebatur,
1453 1679 1520 1710 hoc
1542 1678 1615 1715 fuit,
1639 1685 1675 1710 ut
1699 1684 1813 1710 certus
1836 1679 1960 1720 aliquis

162 1742 272 1764 annus
294 1739 513 1769 statueretur,
537 1733 616 1763 inde
639 1743 660 1762 a
682 1742 750 1772 quo
773 1732 829 1764 vel
851 1737 945 1763 retro
968 1732 1014 1763 ad
1036 1732 1275 1772 antiquitatem
1308 1733 1363 1764 vel
1393 1743 1554 1773 prorsum
1584 1734 1630 1764 ad
1661 1734 1857 1765 recentiora
1878 1743 1958 1774 pro-

164 1788 301 1819 deundo
335 1793 495 1827 tempora
531 1792 822 1826 computarentur.
881 1786 971 1817 Huic
1008 1787 1058 1817 rei
1095 1787 1288 1818 destinatus
1326 1793 1380 1819 est
1411 1798 1521 1819 annus
1562 1788 1595 1819 in
1630 1788 1813 1828 Delphicis
1850 1788 1958 1819 sacris

163 1841 371 1874 clarissimus
403 1842 441 1877 is,
472 1851 541 1881 quo
573 1841 720 1881 primum
752 1841 823 1871 ludi
846 1839 1007 1881 Delphici
1041 1851 1087 1872 ex
1117 1842 1324 1882 pecuniariis
1356 1842 1589 1881 (χρηματίταις)
1625 1842 1798 1874 coronarii
1821 1842 1958 1882 (ἀγῶνες

162 1897 367 1937 στεφανίται)
389 1895 471 1927 facti
491 1902 579 1931 sunt.
602 1906 711 1926 annus
735 1893 788 1926 Ol.
811 1895 862 1932 49,
885 1896 904 1926 3
923 1909 962 1922 =
978 1896 1040 1927 582
1062 1906 1091 1927 a.
1117 1895 1195 1927 Chr.
1218 1906 1249 1928 n.

311 1950 439 1982 Mirum
455 1950 567 1982 videri
586 1950 706 1991 possit,
728 1959 791 1981 cur
817 1951 908 1982 hunc
930 1950 1159 1991 potissumum
1183 1960 1309 1982 annum
1332 1951 1377 1982 ad
1396 1961 1524 1982 novam
1546 1960 1666 1982 aeram
1681 1950 1957 1982 constituendam

162 2005 439 2047 Amphictyones
469 2005 649 2046 elegerint,
679 2014 720 2036 ae
762 2014 830 2036 non
863 2014 1071 2045 proxumum
1107 2005 1224 2045 potius
1258 2005 1472 2046 superiorem
1506 2005 1559 2037 01.
1581 2005 1631 2042 48,
1655 2006 1675 2037 3
1691 2019 1730 2032 =
1747 2006 1818 2043 586,
1844 2015 1866 2035 a
1887 2015 1956 2046 quo

163 2060 355 2102 Pythiadae
386 2066 631 2100 quaternorum
662 2069 828 2090 annorum
851 2066 1107 2100 computantur.
1149 2059 1239 2091 Nam
1259 2066 1377 2090 notum
1401 2066 1464 2099 est,
1487 2060 1519 2091 in
1541 2060 1653 2100 prima
1676 2066 1758 2100 post
1780 2059 1956 2091 Crisaeum

161 2115 291 2147 bellum
323 2114 542 2146 solemnitate
562 2114 691 2155 Pythia
724 2115 785 2146 586
809 2124 839 2145 a.
863 2113 954 2151 chr„
987 2124 1064 2146 cum
1087 2120 1191 2146 antea
1214 2115 1345 2145 musica
1378 2115 1617 2146 tantummodo
1650 2115 1736 2145 haec
1769 2114 1957 2145 certamina

162 2168 317 2203 fuissent.
339 2168 488 2209 primum
509 2169 692 2209 gymnicos
714 2169 815 2199 ludos
838 2168 996 2200 adiectos
1019 2179 1107 2204 esse,
1130 2175 1235 2209 atque
1259 2169 1292 2200 in
1317 2169 1390 2200 eius
1412 2169 1462 2200 rei
1485 2169 1687 2200 memoriam
1710 2169 1756 2199 ab
1777 2169 1844 2199 hoc
1866 2178 1956 2200 anno

162 2222 354 2264 Pythiades
384 2222 557 2254 numerari
589 2229 736 2264 coeptas
770 2233 863 2261 esse;
899 2222 1038 2254 Pausan
1061 2222 1108 2262 X,
1138 2223 1168 2259 7,
1191 2225 1229 2255 4:
1252 2225 1311 2262 τῆς
1333 2224 1368 2255 δὲ
1391 2226 1660 2262 τεσσαρακοστῆς
1683 2222 1883 2262 ὀλυμπιάδος
1906 2223 1957 2254 καὶ

161 2276 283 2316 ὀγδόης
297 2300 305 2307 .
321 2301 329 2308 .
344 2301 352 2308 .
369 2277 432 2309 ἔτει
454 2277 549 2318 τρίτῳ
571 2276 655 2309 ἆθλα
677 2278 796 2309 ἔθεσαν
818 2277 848 2308 ὁὶ
871 2272 1104 2317 Ἀμφικτύονες
1120 2278 1314 2318 κιθαρῳδίας
1330 2279 1387 2316 μὲν
1409 2278 1492 2309 καθὰ
1515 2278 1567 2308 καὶ
1587 2278 1620 2309 ἐξ
1643 2277 1756 2316 ἀρχῆς·
1773 2302 1780 2308 .
1793 2301 1800 2308 .
1815 2303 1822 2308 .
1838 2277 1956 2309 ἔθεσαν

161 2331 198 2363 δὲ
232 2332 285 2362 καὶ
319 2329 401 2362 ἆθλα
436 2331 509 2363 τότε
545 2330 700 2370 ἀθληταῖς
736 2334 877 2370 πρῶτον.
936 2331 974 2362 In
1005 2331 1059 2362 his
1081 2331 1171 2362 ludis
1193 2331 1425 2372 praemiorum
1453 2331 1529 2362 loco
1553 2331 1741 2362 victoribus
1763 2341 1820 2362 res
1842 2331 1955 2371 pretio

163 2384 317 2426 insignes
351 2385 558 2416 distributae
580 2392 668 2421 sunt,
703 2392 809 2426 atque
832 2385 968 2417 videtur
1001 2395 1084 2416 sane
1106 2387 1239 2426 praeda
1272 2396 1317 2418 ex
1341 2385 1440 2417 Crisa
1467 2386 1554 2417 urbe
1576 2392 1680 2426 capta
1701 2385 1820 2416 talium
1842 2395 1955 2416 rerum

163 2438 482 2480 Amphictyonibus
513 2439 647 2480 largam
672 2439 808 2480 copiam
831 2439 976 2475 fecisse:
1010 2440 1157 2480 legimus
1187 2440 1276 2471 enim
1308 2440 1342 2470 in
1364 2449 1534 2471 marmore
1557 2439 1661 2470 Pario
1685 2450 1739 2480 ep.
1763 2439 1820 2470 3T:
1843 2435 1955 2479 Ἀμφι·
