<?xml version="1.0" encoding="UTF-8"?>
<!DOCTYPE html PUBLIC "-//W3C//DTD XHTML 1.0 Transitional//EN"
    "http://www.w3.org/TR/xhtml1/DTD/xhtml1-transitional.dtd">
<html xmlns="http://www.w3.org/1999/xhtml" xml:lang="en" lang="en">
 <head>
  <title>
</title>
<meta http-equiv="Content-Type" content="text/html;charset=utf-8" />
  <meta name='ocr-system' content='tesseract 3.04.00' />
  <meta name='ocr-capabilities' content='ocr_page ocr_carea ocr_par ocr_line ocrx_word'/>
</head>
<body>
  <div class='ocr_page' id='page_1' title='image "./depindaristudiis00luebuoft_0018.png"; bbox 0 0 2196 3006; ppageno 0'>
   <div class='ocr_carea' id='block_1_1' title="bbox 1058 335 1146 367">
    <p class='ocr_par' dir='ltr' id='par_1_1' title="bbox 1058 335 1146 367">
     <span class='ocr_line' id='line_1_1' title="bbox 1058 335 1146 367; baseline -0.011 0"><span class='ocrx_word' id='word_1_1' title='bbox 1058 335 1146 367; x_wconf 76' lang='lat' dir='ltr'>XVI</span> 
     </span>
    </p>
   </div>
   <div class='ocr_carea' id='block_1_2' title="bbox 213 474 2000 577">
    <p class='ocr_par' dir='ltr' id='par_1_2' title="bbox 213 474 2000 577">
     <span class='ocr_line' id='line_1_2' title="bbox 213 474 2000 521; baseline -0.007 -4"><span class='ocrx_word' id='word_1_2' title='bbox 213 487 258 517; x_wconf 86' lang='lat'>14.</span> <span class='ocrx_word' id='word_1_3' title='bbox 306 485 460 516; x_wconf 79' lang='lat' dir='ltr'>Priscam</span> <span class='ocrx_word' id='word_1_4' title='bbox 494 482 754 521; x_wconf 80' lang='lat' dir='ltr'>chronologiam</span> <span class='ocrx_word' id='word_1_5' title='bbox 786 479 1010 519; x_wconf 75' lang='lat' dir='ltr'>amplioribus</span> <span class='ocrx_word' id='word_1_6' title='bbox 1046 477 1166 517; x_wconf 83' lang='lat' dir='ltr'>spatiis</span> <span class='ocrx_word' id='word_1_7' title='bbox 1197 477 1387 507; x_wconf 83' lang='lat' dir='ltr'>adhibitam</span> <span class='ocrx_word' id='word_1_8' title='bbox 1421 476 1551 515; x_wconf 90' lang='lat' dir='ltr'>optime</span> <span class='ocrx_word' id='word_1_9' title='bbox 1584 475 1619 505; x_wconf 91' lang='lat' dir='ltr'>in</span> <span class='ocrx_word' id='word_1_10' title='bbox 1651 475 1802 506; x_wconf 81' lang='lat' dir='ltr'>Pindaro</span> <span class='ocrx_word' id='word_1_11' title='bbox 1837 474 2000 514; x_wconf 80' lang='lat' dir='ltr'>conspici,</span> 
     </span>
     <span class='ocr_line' id='line_1_3' title="bbox 426 529 1775 577; baseline -0.006 -10"><span class='ocrx_word' id='word_1_12' title='bbox 426 538 482 577; x_wconf 90' lang='lat' dir='ltr'>qui</span> <span class='ocrx_word' id='word_1_13' title='bbox 506 538 538 567; x_wconf 92' lang='lat' dir='ltr'>in</span> <span class='ocrx_word' id='word_1_14' title='bbox 561 536 701 575; x_wconf 88' lang='lat' dir='ltr'>antiqua</span> <span class='ocrx_word' id='word_1_15' title='bbox 723 533 941 573; x_wconf 83' lang='lat' dir='ltr'>simplicitate</span> <span class='ocrx_word' id='word_1_16' title='bbox 965 532 1136 563; x_wconf 88' lang='lat' dir='ltr'>servanda</span> <span class='ocrx_word' id='word_1_17' title='bbox 1163 532 1219 562; x_wconf 90' lang='lat' dir='ltr'>vel</span> <span class='ocrx_word' id='word_1_18' title='bbox 1242 531 1420 571; x_wconf 79' lang='lat' dir='ltr'>Aeschylo</span> <span class='ocrx_word' id='word_1_19' title='bbox 1443 530 1641 570; x_wconf 83' lang='lat' dir='ltr'>religiosior</span> <span class='ocrx_word' id='word_1_20' title='bbox 1663 529 1775 560; x_wconf 88' lang='lat' dir='ltr'>fuerit.</span> 
     </span>
    </p>
   </div>
   <div class='ocr_carea' id='block_1_3' title="bbox 210 621 2008 2021">
    <p class='ocr_par' dir='ltr' id='par_1_3' title="bbox 210 621 2008 2021">
     <span class='ocr_line' id='line_1_4' title="bbox 359 621 1998 662; baseline -0.004 -3"><span class='ocrx_word' id='word_1_21' title='bbox 359 628 430 660; x_wconf 89' lang='lat' dir='ltr'>Sed</span> <span class='ocrx_word' id='word_1_22' title='bbox 460 628 527 658; x_wconf 89' lang='lat' dir='ltr'>iam</span> <span class='ocrx_word' id='word_1_23' title='bbox 559 626 690 656; x_wconf 88' lang='lat' dir='ltr'>maiora</span> <span class='ocrx_word' id='word_1_24' title='bbox 719 634 897 661; x_wconf 85' lang='lat' dir='ltr'>canamus;</span> <span class='ocrx_word' id='word_1_25' title='bbox 932 624 965 653; x_wconf 91' lang='lat' dir='ltr'>in</span> <span class='ocrx_word' id='word_1_26' title='bbox 996 624 1102 653; x_wconf 87' lang='lat' dir='ltr'>altum</span> <span class='ocrx_word' id='word_1_27' title='bbox 1134 633 1229 654; x_wconf 85' lang='lat' dir='ltr'>mare</span> <span class='ocrx_word' id='word_1_28' title='bbox 1260 623 1346 653; x_wconf 84' lang='lat' dir='ltr'>velis</span> <span class='ocrx_word' id='word_1_29' title='bbox 1364 622 1578 662; x_wconf 82' lang='lat' dir='ltr'>plenioribus</span> <span class='ocrx_word' id='word_1_30' title='bbox 1600 622 1699 652; x_wconf 84' lang='lat' dir='ltr'>navis</span> <span class='ocrx_word' id='word_1_31' title='bbox 1725 621 1905 652; x_wconf 87' lang='lat' dir='ltr'>educenda</span> <span class='ocrx_word' id='word_1_32' title='bbox 1929 626 1998 652; x_wconf 86' lang='lat' dir='ltr'>est:</span> 
     </span>
     <span class='ocr_line' id='line_1_5' title="bbox 210 675 1995 723; baseline -0.006 -7"><span class='ocrx_word' id='word_1_33' title='bbox 210 683 515 723; x_wconf 80' lang='lat' dir='ltr'>contemplabimur</span> <span class='ocrx_word' id='word_1_34' title='bbox 544 682 632 711; x_wconf 89' lang='lat' dir='ltr'>hanc</span> <span class='ocrx_word' id='word_1_35' title='bbox 665 679 869 719; x_wconf 75' lang='lat' dir='ltr'>Delphicam</span> <span class='ocrx_word' id='word_1_36' title='bbox 901 683 1093 718; x_wconf 89' lang='lat' dir='ltr'>temporum</span> <span class='ocrx_word' id='word_1_37' title='bbox 1132 677 1404 707; x_wconf 87' lang='lat' dir='ltr'>ordinandorum</span> <span class='ocrx_word' id='word_1_38' title='bbox 1444 682 1562 712; x_wconf 83' lang='lat' dir='ltr'>artem,</span> <span class='ocrx_word' id='word_1_39' title='bbox 1601 686 1705 715; x_wconf 91' lang='lat' dir='ltr'>quam</span> <span class='ocrx_word' id='word_1_40' title='bbox 1739 686 1848 715; x_wconf 85' lang='lat' dir='ltr'>usque</span> <span class='ocrx_word' id='word_1_41' title='bbox 1880 675 1995 706; x_wconf 90' lang='lat' dir='ltr'>adhuc</span> 
     </span>
     <span class='ocr_line' id='line_1_6' title="bbox 212 730 2001 776; baseline -0.006 -7"><span class='ocrx_word' id='word_1_42' title='bbox 212 738 405 769; x_wconf 84' lang='lat' dir='ltr'>minusculis</span> <span class='ocrx_word' id='word_1_43' title='bbox 428 736 546 776; x_wconf 87' lang='lat' dir='ltr'>spatiis</span> <span class='ocrx_word' id='word_1_44' title='bbox 569 734 758 765; x_wconf 80' lang='lat' dir='ltr'>adhibitam</span> <span class='ocrx_word' id='word_1_45' title='bbox 781 733 923 763; x_wconf 89' lang='lat' dir='ltr'>scrutati</span> <span class='ocrx_word' id='word_1_46' title='bbox 945 742 1069 770; x_wconf 61' lang='lat' dir='ltr'>sumus,</span> <span class='ocrx_word' id='word_1_47' title='bbox 1093 732 1209 762; x_wconf 89' lang='lat' dir='ltr'>iamin</span> <span class='ocrx_word' id='word_1_48' title='bbox 1225 731 1338 771; x_wconf 82' lang='lat' dir='ltr'>longis</span> <span class='ocrx_word' id='word_1_49' title='bbox 1357 730 1549 770; x_wconf 79' lang='lat' dir='ltr'>amplisque</span> <span class='ocrx_word' id='word_1_50' title='bbox 1567 730 1756 768; x_wconf 75' lang='lat' dir='ltr'>laterculis,</span> <span class='ocrx_word' id='word_1_51' title='bbox 1784 730 2001 760; x_wconf 88' lang='lat' dir='ltr'>saeculorum</span> 
     </span>
     <span class='ocr_line' id='line_1_7' title="bbox 212 784 2001 830; baseline -0.006 -7"><span class='ocrx_word' id='word_1_52' title='bbox 212 793 333 824; x_wconf 88' lang='lat' dir='ltr'>seriem</span> <span class='ocrx_word' id='word_1_53' title='bbox 355 789 553 830; x_wconf 80' lang='lat' dir='ltr'>complexis,</span> <span class='ocrx_word' id='word_1_54' title='bbox 576 793 778 828; x_wconf 80' lang='lat' dir='ltr'>regnantem</span> <span class='ocrx_word' id='word_1_55' title='bbox 801 792 904 826; x_wconf 90' lang='lat' dir='ltr'>atque</span> <span class='ocrx_word' id='word_1_56' title='bbox 919 786 1125 826; x_wconf 80' lang='lat' dir='ltr'>indigestam</span> <span class='ocrx_word' id='word_1_57' title='bbox 1141 787 1266 816; x_wconf 88' lang='lat' dir='ltr'>molem</span> <span class='ocrx_word' id='word_1_58' title='bbox 1281 786 1359 815; x_wconf 90' lang='lat' dir='ltr'>luce</span> <span class='ocrx_word' id='word_1_59' title='bbox 1387 792 1421 815; x_wconf 62' lang='lat' dir='ltr'>et.</span> <span class='ocrx_word' id='word_1_60' title='bbox 1445 784 1566 815; x_wconf 86' lang='lat' dir='ltr'>ordine</span> <span class='ocrx_word' id='word_1_61' title='bbox 1585 785 1779 815; x_wconf 88' lang='lat' dir='ltr'>donantem.</span> <span class='ocrx_word' id='word_1_62' title='bbox 1817 784 1902 814; x_wconf 85' lang='lat' dir='ltr'>Dux</span> <span class='ocrx_word' id='word_1_63' title='bbox 1917 793 2001 814; x_wconf 89' lang='lat' dir='ltr'>vero</span> 
     </span>
     <span class='ocr_line' id='line_1_8' title="bbox 210 837 2001 887; baseline -0.006 -10"><span class='ocrx_word' id='word_1_64' title='bbox 210 845 534 887; x_wconf 84' lang='lat' dir='ltr'>praestantissumus</span> <span class='ocrx_word' id='word_1_65' title='bbox 561 843 594 873; x_wconf 91' lang='lat' dir='ltr'>in</span> <span class='ocrx_word' id='word_1_66' title='bbox 616 844 680 873; x_wconf 88' lang='lat' dir='ltr'>hac</span> <span class='ocrx_word' id='word_1_67' title='bbox 703 842 906 882; x_wconf 80' lang='lat' dir='ltr'>quaestione</span> <span class='ocrx_word' id='word_1_68' title='bbox 936 841 1037 871; x_wconf 89' lang='lat' dir='ltr'>nobis</span> <span class='ocrx_word' id='word_1_69' title='bbox 1060 841 1228 871; x_wconf 77' lang='lat' dir='ltr'>Pindarus</span> <span class='ocrx_word' id='word_1_70' title='bbox 1253 840 1325 875; x_wconf 85' lang='lat' dir='ltr'>erit,</span> <span class='ocrx_word' id='word_1_71' title='bbox 1356 849 1432 869; x_wconf 90' lang='lat' dir='ltr'>cum</span> <span class='ocrx_word' id='word_1_72' title='bbox 1466 837 1609 869; x_wconf 90' lang='lat' dir='ltr'>omnino</span> <span class='ocrx_word' id='word_1_73' title='bbox 1642 837 1880 877; x_wconf 89' lang='lat' dir='ltr'>pulcherrimis</span> <span class='ocrx_word' id='word_1_74' title='bbox 1903 838 2001 868; x_wconf 89' lang='lat' dir='ltr'>theo-</span> 
     </span>
     <span class='ocr_line' id='line_1_9' title="bbox 212 891 2002 941; baseline -0.006 -10"><span class='ocrx_word' id='word_1_75' title='bbox 212 900 402 941; x_wconf 89' lang='lat' dir='ltr'>logumenis</span> <span class='ocrx_word' id='word_1_76' title='bbox 432 897 609 937; x_wconf 87' lang='lat' dir='ltr'>Delphicis</span> <span class='ocrx_word' id='word_1_77' title='bbox 631 903 793 936; x_wconf 86' lang='lat' dir='ltr'>tanquam</span> <span class='ocrx_word' id='word_1_78' title='bbox 817 896 927 926; x_wconf 89' lang='lat' dir='ltr'>altero</span> <span class='ocrx_word' id='word_1_79' title='bbox 951 896 1101 935; x_wconf 87' lang='lat' dir='ltr'>quodam</span> <span class='ocrx_word' id='word_1_80' title='bbox 1123 895 1213 925; x_wconf 86' lang='lat' dir='ltr'>lacte</span> <span class='ocrx_word' id='word_1_81' title='bbox 1236 899 1394 924; x_wconf 87' lang='lat' dir='ltr'>materno</span> <span class='ocrx_word' id='word_1_82' title='bbox 1419 893 1575 931; x_wconf 84' lang='lat' dir='ltr'>nutritus,</span> <span class='ocrx_word' id='word_1_83' title='bbox 1608 897 1680 922; x_wconf 86' lang='lat' dir='ltr'>tum</span> <span class='ocrx_word' id='word_1_84' title='bbox 1716 892 1750 922; x_wconf 90' lang='lat' dir='ltr'>in</span> <span class='ocrx_word' id='word_1_85' title='bbox 1780 891 1833 922; x_wconf 90' lang='lat' dir='ltr'>his</span> <span class='ocrx_word' id='word_1_86' title='bbox 1856 893 2002 923; x_wconf 85' lang='lat' dir='ltr'>chrono-</span> 
     </span>
     <span class='ocr_line' id='line_1_10' title="bbox 211 947 1999 995; baseline -0.006 -10"><span class='ocrx_word' id='word_1_87' title='bbox 211 956 324 995; x_wconf 88' lang='lat' dir='ltr'>logiae</span> <span class='ocrx_word' id='word_1_88' title='bbox 347 953 466 984; x_wconf 87' lang='lat' dir='ltr'>studiis</span> <span class='ocrx_word' id='word_1_89' title='bbox 490 952 736 992; x_wconf 87' lang='lat' dir='ltr'>Delphicorum</span> <span class='ocrx_word' id='word_1_90' title='bbox 761 950 982 980; x_wconf 84' lang='lat' dir='ltr'>sacerdotum</span> <span class='ocrx_word' id='word_1_91' title='bbox 1008 949 1195 989; x_wconf 86' lang='lat' dir='ltr'>discipulus</span> <span class='ocrx_word' id='word_1_92' title='bbox 1219 947 1483 978; x_wconf 69' lang='lat' dir='ltr'>attentissimus</span> <span class='ocrx_word' id='word_1_93' title='bbox 1509 948 1628 986; x_wconf 88' lang='lat' dir='ltr'>Atque</span> <span class='ocrx_word' id='word_1_94' title='bbox 1653 951 1805 976; x_wconf 89' lang='lat' dir='ltr'>meretur</span> <span class='ocrx_word' id='word_1_95' title='bbox 1829 956 1911 976; x_wconf 88' lang='lat' dir='ltr'>sane</span> <span class='ocrx_word' id='word_1_96' title='bbox 1933 947 1999 976; x_wconf 91' lang='lat' dir='ltr'>hoc</span> 
     </span>
     <span class='ocr_line' id='line_1_11' title="bbox 212 1000 2002 1047; baseline -0.006 -7"><span class='ocrx_word' id='word_1_97' title='bbox 212 1010 344 1040; x_wconf 91' lang='lat' dir='ltr'>nomine</span> <span class='ocrx_word' id='word_1_98' title='bbox 367 1007 575 1047; x_wconf 82' lang='lat' dir='ltr'>singularem</span> <span class='ocrx_word' id='word_1_99' title='bbox 598 1006 769 1046; x_wconf 85' lang='lat' dir='ltr'>quandam</span> <span class='ocrx_word' id='word_1_100' title='bbox 800 1005 936 1036; x_wconf 88' lang='lat' dir='ltr'>laudem</span> <span class='ocrx_word' id='word_1_101' title='bbox 959 1004 1139 1043; x_wconf 89' lang='lat' dir='ltr'>Pindarus,</span> <span class='ocrx_word' id='word_1_102' title='bbox 1173 1003 1268 1043; x_wconf 91' lang='lat' dir='ltr'>quod</span> <span class='ocrx_word' id='word_1_103' title='bbox 1292 1003 1483 1042; x_wconf 90' lang='lat' dir='ltr'>Delphicos</span> <span class='ocrx_word' id='word_1_104' title='bbox 1523 1011 1674 1031; x_wconf 90' lang='lat' dir='ltr'>canones</span> <span class='ocrx_word' id='word_1_105' title='bbox 1703 1010 1811 1040; x_wconf 86' lang='lat' dir='ltr'>puros</span> <span class='ocrx_word' id='word_1_106' title='bbox 1835 1006 1869 1031; x_wconf 90' lang='lat' dir='ltr'>et</span> <span class='ocrx_word' id='word_1_107' title='bbox 1891 1000 2002 1031; x_wconf 91' lang='lat' dir='ltr'>incor-</span> 
     </span>
     <span class='ocr_line' id='line_1_12' title="bbox 212 1054 2001 1103; baseline -0.005 -10"><span class='ocrx_word' id='word_1_108' title='bbox 212 1069 330 1103; x_wconf 89' lang='lat' dir='ltr'>ruptos</span> <span class='ocrx_word' id='word_1_109' title='bbox 352 1061 531 1102; x_wconf 78' lang='lat' dir='ltr'>expressit.</span> <span class='ocrx_word' id='word_1_110' title='bbox 576 1060 749 1100; x_wconf 76' lang='lat' dir='ltr'>Quantum</span> <span class='ocrx_word' id='word_1_111' title='bbox 775 1060 865 1090; x_wconf 91' lang='lat' dir='ltr'>enim</span> <span class='ocrx_word' id='word_1_112' title='bbox 888 1064 985 1090; x_wconf 89' lang='lat' dir='ltr'>vates</span> <span class='ocrx_word' id='word_1_113' title='bbox 1009 1059 1206 1096; x_wconf 81' lang='lat' dir='ltr'>Thebanus,</span> <span class='ocrx_word' id='word_1_114' title='bbox 1239 1057 1267 1087; x_wconf 88' lang='lat' dir='ltr'>si</span> <span class='ocrx_word' id='word_1_115' title='bbox 1290 1057 1342 1087; x_wconf 80' lang='lat' dir='ltr'>fas</span> <span class='ocrx_word' id='word_1_116' title='bbox 1368 1062 1420 1087; x_wconf 89' lang='lat' dir='ltr'>est</span> <span class='ocrx_word' id='word_1_117' title='bbox 1453 1057 1578 1091; x_wconf 88' lang='lat' dir='ltr'>dicere,</span> <span class='ocrx_word' id='word_1_118' title='bbox 1616 1055 1650 1085; x_wconf 86' lang='lat' dir='ltr'>in</span> <span class='ocrx_word' id='word_1_119' title='bbox 1683 1056 1748 1086; x_wconf 86' lang='lat' dir='ltr'>hac</span> <span class='ocrx_word' id='word_1_120' title='bbox 1782 1064 1819 1085; x_wconf 89' lang='lat' dir='ltr'>re</span> <span class='ocrx_word' id='word_1_121' title='bbox 1845 1054 2001 1084; x_wconf 82' lang='lat' dir='ltr'>diversus</span> 
     </span>
     <span class='ocr_line' id='line_1_13' title="bbox 211 1109 1999 1150; baseline -0.005 -3"><span class='ocrx_word' id='word_1_122' title='bbox 211 1123 262 1148; x_wconf 86' lang='lat' dir='ltr'>est</span> <span class='ocrx_word' id='word_1_123' title='bbox 285 1118 328 1147; x_wconf 89' lang='lat' dir='ltr'>ab</span> <span class='ocrx_word' id='word_1_124' title='bbox 352 1117 460 1146; x_wconf 85' lang='lat' dir='ltr'>altero</span> <span class='ocrx_word' id='word_1_125' title='bbox 485 1116 542 1145; x_wconf 89' lang='lat' dir='ltr'>illo</span> <span class='ocrx_word' id='word_1_126' title='bbox 567 1125 611 1145; x_wconf 75' lang='lat' dir='ltr'>ex</span> <span class='ocrx_word' id='word_1_127' title='bbox 635 1114 707 1144; x_wconf 90' lang='lat' dir='ltr'>eius</span> <span class='ocrx_word' id='word_1_128' title='bbox 731 1113 859 1144; x_wconf 87' lang='lat' dir='ltr'>saeculi</span> <span class='ocrx_word' id='word_1_129' title='bbox 881 1113 1058 1143; x_wconf 84' lang='lat' dir='ltr'>Musarum</span> <span class='ocrx_word' id='word_1_130' title='bbox 1081 1112 1269 1146; x_wconf 88' lang='lat' dir='ltr'>Dioscuris,</span> <span class='ocrx_word' id='word_1_131' title='bbox 1296 1111 1340 1141; x_wconf 90' lang='lat' dir='ltr'>ab</span> <span class='ocrx_word' id='word_1_132' title='bbox 1364 1111 1560 1150; x_wconf 68' lang='lat' dir='ltr'>Aeschylo!</span> <span class='ocrx_word' id='word_1_133' title='bbox 1604 1109 1638 1139; x_wconf 89' lang='lat' dir='ltr'>Is</span> <span class='ocrx_word' id='word_1_134' title='bbox 1661 1109 1784 1139; x_wconf 88' lang='lat' dir='ltr'>mirum</span> <span class='ocrx_word' id='word_1_135' title='bbox 1817 1109 1911 1139; x_wconf 88' lang='lat' dir='ltr'>dictu</span> <span class='ocrx_word' id='word_1_136' title='bbox 1935 1113 1999 1144; x_wconf 82' lang='lat' dir='ltr'>est,</span> 
     </span>
     <span class='ocr_line' id='line_1_14' title="bbox 210 1162 2001 1210; baseline -0.004 -11"><span class='ocrx_word' id='word_1_137' title='bbox 210 1175 374 1210; x_wconf 84' lang='lat' dir='ltr'>quantum</span> <span class='ocrx_word' id='word_1_138' title='bbox 411 1169 478 1199; x_wconf 87' lang='lat' dir='ltr'>iam</span> <span class='ocrx_word' id='word_1_139' title='bbox 515 1168 559 1198; x_wconf 89' lang='lat' dir='ltr'>ab</span> <span class='ocrx_word' id='word_1_140' title='bbox 583 1167 753 1207; x_wconf 88' lang='lat' dir='ltr'>Delphica</span> <span class='ocrx_word' id='word_1_141' title='bbox 791 1167 847 1196; x_wconf 88' lang='lat' dir='ltr'>illa</span> <span class='ocrx_word' id='word_1_142' title='bbox 881 1167 995 1206; x_wconf 88' lang='lat' dir='ltr'>prisca</span> <span class='ocrx_word' id='word_1_143' title='bbox 1028 1167 1237 1197; x_wconf 86' lang='lat' dir='ltr'>calculorum</span> <span class='ocrx_word' id='word_1_144' title='bbox 1272 1165 1504 1205; x_wconf 81' lang='lat' dir='ltr'>simplicitate,</span> <span class='ocrx_word' id='word_1_145' title='bbox 1543 1163 1715 1203; x_wconf 77' lang='lat' dir='ltr'>castitate,</span> <span class='ocrx_word' id='word_1_146' title='bbox 1754 1162 2001 1203; x_wconf 89' lang='lat' dir='ltr'>perspicuitate</span> 
     </span>
     <span class='ocr_line' id='line_1_15' title="bbox 210 1217 2003 1262; baseline -0.004 -8"><span class='ocrx_word' id='word_1_147' title='bbox 210 1224 400 1255; x_wconf 84' lang='lat' dir='ltr'>recesserit.</span> <span class='ocrx_word' id='word_1_148' title='bbox 437 1222 527 1262; x_wconf 76' lang='lat' dir='ltr'>Quid</span> <span class='ocrx_word' id='word_1_149' title='bbox 551 1223 640 1253; x_wconf 85' lang='lat' dir='ltr'>enim</span> <span class='ocrx_word' id='word_1_150' title='bbox 664 1221 831 1252; x_wconf 84' lang='lat' dir='ltr'>diversius</span> <span class='ocrx_word' id='word_1_151' title='bbox 854 1221 1001 1261; x_wconf 85' lang='lat' dir='ltr'>cogitari</span> <span class='ocrx_word' id='word_1_152' title='bbox 1023 1226 1151 1261; x_wconf 75' lang='lat' dir='ltr'>potest,</span> <span class='ocrx_word' id='word_1_153' title='bbox 1174 1230 1277 1260; x_wconf 89' lang='lat' dir='ltr'>quarn</span> <span class='ocrx_word' id='word_1_154' title='bbox 1299 1219 1465 1259; x_wconf 88' lang='lat' dir='ltr'>Aeschyli</span> <span class='ocrx_word' id='word_1_155' title='bbox 1489 1219 1584 1249; x_wconf 90' lang='lat' dir='ltr'>velut</span> <span class='ocrx_word' id='word_1_156' title='bbox 1609 1218 1642 1248; x_wconf 91' lang='lat' dir='ltr'>in</span> <span class='ocrx_word' id='word_1_157' title='bbox 1660 1218 1869 1248; x_wconf 90' lang='lat' dir='ltr'>Prometheo</span> <span class='ocrx_word' id='word_1_158' title='bbox 1893 1227 1924 1247; x_wconf 83' lang='lat' dir='ltr'>v.</span> <span class='ocrx_word' id='word_1_159' title='bbox 1942 1217 2003 1247; x_wconf 84' lang='lat'>774</span> 
     </span>
     <span class='ocr_line' id='line_1_16' title="bbox 210 1270 1998 1317; baseline -0.004 -9"><span class='ocrx_word' id='word_1_160' title='bbox 210 1279 338 1314; x_wconf 78' lang='lat' dir='ltr'>calculi,</span> <span class='ocrx_word' id='word_1_161' title='bbox 362 1278 484 1317; x_wconf 90' lang='lat' dir='ltr'>quibus</span> <span class='ocrx_word' id='word_1_162' title='bbox 506 1278 690 1307; x_wconf 82' lang='lat' dir='ltr'>obsecutus</span> <span class='ocrx_word' id='word_1_163' title='bbox 714 1276 900 1306; x_wconf 88' lang='lat' dir='ltr'>Herculem</span> <span class='ocrx_word' id='word_1_164' title='bbox 923 1277 966 1306; x_wconf 87' lang='lat' dir='ltr'>ab</span> <span class='ocrx_word' id='word_1_165' title='bbox 990 1275 1027 1306; x_wconf 89' lang='lat' dir='ltr'>Io</span> <span class='ocrx_word' id='word_1_166' title='bbox 1052 1275 1320 1306; x_wconf 88' lang='lat' dir='ltr'>descendentem</span> <span class='ocrx_word' id='word_1_167' title='bbox 1346 1273 1516 1304; x_wconf 83' lang='lat' dir='ltr'>decimum</span> <span class='ocrx_word' id='word_1_168' title='bbox 1539 1272 1678 1303; x_wconf 84' lang='lat' dir='ltr'>tertium</span> <span class='ocrx_word' id='word_1_169' title='bbox 1694 1271 1785 1307; x_wconf 87' lang='lat' dir='ltr'>facit,</span> <span class='ocrx_word' id='word_1_170' title='bbox 1807 1276 1841 1301; x_wconf 89' lang='lat' dir='ltr'>et</span> <span class='ocrx_word' id='word_1_171' title='bbox 1857 1270 1998 1301; x_wconf 86' lang='lat' dir='ltr'>Pindari</span> 
     </span>
     <span class='ocr_line' id='line_1_17' title="bbox 210 1324 2003 1370; baseline -0.004 -8"><span class='ocrx_word' id='word_1_172' title='bbox 210 1342 358 1363; x_wconf 87' lang='lat' dir='ltr'>canones</span> <span class='ocrx_word' id='word_1_173' title='bbox 382 1332 473 1361; x_wconf 86' lang='lat' dir='ltr'>velut</span> <span class='ocrx_word' id='word_1_174' title='bbox 497 1331 596 1370; x_wconf 85' lang='lat' dir='ltr'>Pyth.</span> <span class='ocrx_word' id='word_1_175' title='bbox 621 1330 680 1367; x_wconf 75' lang='lat' dir='ltr'>IV,</span> <span class='ocrx_word' id='word_1_176' title='bbox 708 1331 744 1360; x_wconf 82' lang='lat'>10</span> <span class='ocrx_word' id='word_1_177' title='bbox 768 1335 802 1360; x_wconf 87' lang='lat' dir='ltr'>et</span> <span class='ocrx_word' id='word_1_178' title='bbox 825 1330 874 1365; x_wconf 73' lang='lat'>47,</span> <span class='ocrx_word' id='word_1_179' title='bbox 909 1330 1033 1370; x_wconf 86' lang='lat' dir='ltr'>quibus</span> <span class='ocrx_word' id='word_1_180' title='bbox 1062 1329 1240 1369; x_wconf 86' lang='lat' dir='ltr'>Euphemi,</span> <span class='ocrx_word' id='word_1_181' title='bbox 1273 1328 1433 1358; x_wconf 88' lang='lat' dir='ltr'>Herculis</span> <span class='ocrx_word' id='word_1_182' title='bbox 1458 1327 1622 1367; x_wconf 85' lang='lat' dir='ltr'>aequalis,</span> <span class='ocrx_word' id='word_1_183' title='bbox 1657 1331 1691 1356; x_wconf 81' lang='lat' dir='ltr'>et</span> <span class='ocrx_word' id='word_1_184' title='bbox 1714 1326 1821 1365; x_wconf 88' lang='lat' dir='ltr'>ipsius</span> <span class='ocrx_word' id='word_1_185' title='bbox 1844 1324 2003 1355; x_wconf 87' lang='lat' dir='ltr'>Herculis</span> 
     </span>
     <span class='ocr_line' id='line_1_18' title="bbox 211 1383 2003 1425; baseline -0.005 -8"><span class='ocrx_word' id='word_1_186' title='bbox 211 1392 359 1418; x_wconf 87' lang='lat' dir='ltr'>aetatem</span> <span class='ocrx_word' id='word_1_187' title='bbox 393 1386 585 1425; x_wconf 77' lang='lat' dir='ltr'>computat?</span> <span class='ocrx_word' id='word_1_188' title='bbox 630 1385 727 1415; x_wconf 90' lang='lat' dir='ltr'>Haec</span> <span class='ocrx_word' id='word_1_189' title='bbox 751 1385 807 1424; x_wconf 91' lang='lat' dir='ltr'>qui</span> <span class='ocrx_word' id='word_1_190' title='bbox 830 1384 918 1415; x_wconf 90' lang='lat' dir='ltr'>inter</span> <span class='ocrx_word' id='word_1_191' title='bbox 941 1395 977 1415; x_wconf 91' lang='lat' dir='ltr'>se</span> <span class='ocrx_word' id='word_1_192' title='bbox 1002 1384 1195 1419; x_wconf 84' lang='lat' dir='ltr'>contendat,</span> <span class='ocrx_word' id='word_1_193' title='bbox 1233 1393 1302 1413; x_wconf 89' lang='lat' dir='ltr'>non</span> <span class='ocrx_word' id='word_1_194' title='bbox 1338 1383 1468 1422; x_wconf 87' lang='lat' dir='ltr'>poterit</span> <span class='ocrx_word' id='word_1_195' title='bbox 1490 1392 1559 1412; x_wconf 89' lang='lat' dir='ltr'>non</span> <span class='ocrx_word' id='word_1_196' title='bbox 1582 1386 1685 1420; x_wconf 88' lang='lat' dir='ltr'>caput</span> <span class='ocrx_word' id='word_1_197' title='bbox 1709 1389 1891 1419; x_wconf 88' lang='lat' dir='ltr'>quassare,</span> <span class='ocrx_word' id='word_1_198' title='bbox 1926 1389 2003 1410; x_wconf 90' lang='lat' dir='ltr'>cum</span> 
     </span>
     <span class='ocr_line' id='line_1_19' title="bbox 212 1434 2004 1479; baseline -0.003 -10"><span class='ocrx_word' id='word_1_199' title='bbox 212 1446 352 1479; x_wconf 88' lang='lat' dir='ltr'>poetam</span> <span class='ocrx_word' id='word_1_200' title='bbox 383 1439 534 1469; x_wconf 84' lang='lat' dir='ltr'>Atticum</span> <span class='ocrx_word' id='word_1_201' title='bbox 570 1444 753 1477; x_wconf 89' lang='lat' dir='ltr'>tantopere</span> <span class='ocrx_word' id='word_1_202' title='bbox 783 1437 850 1467; x_wconf 89' lang='lat' dir='ltr'>iam</span> <span class='ocrx_word' id='word_1_203' title='bbox 872 1437 1084 1468; x_wconf 84' lang='lat' dir='ltr'>noviciarum</span> <span class='ocrx_word' id='word_1_204' title='bbox 1117 1438 1243 1468; x_wconf 87' lang='lat' dir='ltr'>artium</span> <span class='ocrx_word' id='word_1_205' title='bbox 1276 1438 1442 1468; x_wconf 90' lang='lat' dir='ltr'>cultorem</span> <span class='ocrx_word' id='word_1_206' title='bbox 1466 1436 1599 1473; x_wconf 85' lang='lat' dir='ltr'>viderit⁷</span> <span class='ocrx_word' id='word_1_207' title='bbox 1633 1440 1775 1475; x_wconf 88' lang='lat' dir='ltr'>poetam</span> <span class='ocrx_word' id='word_1_208' title='bbox 1799 1434 2004 1464; x_wconf 88' lang='lat' dir='ltr'>Thebanum</span> 
     </span>
     <span class='ocr_line' id='line_1_20' title="bbox 212 1489 2004 1534; baseline -0.004 -9"><span class='ocrx_word' id='word_1_209' title='bbox 212 1496 245 1525; x_wconf 91' lang='lat' dir='ltr'>in</span> <span class='ocrx_word' id='word_1_210' title='bbox 268 1495 408 1534; x_wconf 85' lang='lat' dir='ltr'>antiqua</span> <span class='ocrx_word' id='word_1_211' title='bbox 431 1493 648 1533; x_wconf 86' lang='lat' dir='ltr'>simplicitate</span> <span class='ocrx_word' id='word_1_212' title='bbox 682 1493 746 1522; x_wconf 84' lang='lat' dir='ltr'>sibi</span> <span class='ocrx_word' id='word_1_213' title='bbox 778 1497 994 1522; x_wconf 88' lang='lat' dir='ltr'>constantem</span> <span class='ocrx_word' id='word_1_214' title='bbox 1019 1498 1051 1523; x_wconf 87' lang='lat' dir='ltr'>et</span> <span class='ocrx_word' id='word_1_215' title='bbox 1074 1493 1245 1532; x_wconf 87' lang='lat' dir='ltr'>propositi</span> <span class='ocrx_word' id='word_1_216' title='bbox 1278 1497 1445 1522; x_wconf 90' lang='lat' dir='ltr'>tenacem.</span> <span class='ocrx_word' id='word_1_217' title='bbox 1491 1491 1563 1521; x_wconf 88' lang='lat' dir='ltr'>Iam</span> <span class='ocrx_word' id='word_1_218' title='bbox 1585 1490 1692 1530; x_wconf 86' lang='lat' dir='ltr'>igitur</span> <span class='ocrx_word' id='word_1_219' title='bbox 1726 1489 1888 1529; x_wconf 89' lang='lat' dir='ltr'>quoniam</span> <span class='ocrx_word' id='word_1_220' title='bbox 1921 1497 2004 1518; x_wconf 92' lang='lat' dir='ltr'>vere</span> 
     </span>
     <span class='ocr_line' id='line_1_21' title="bbox 213 1542 2004 1588; baseline -0.003 -10"><span class='ocrx_word' id='word_1_221' title='bbox 213 1549 279 1579; x_wconf 89' lang='lat' dir='ltr'>dici</span> <span class='ocrx_word' id='word_1_222' title='bbox 300 1553 424 1588; x_wconf 84' lang='lat' dir='ltr'>potest,</span> <span class='ocrx_word' id='word_1_223' title='bbox 459 1558 536 1578; x_wconf 92' lang='lat' dir='ltr'>eum</span> <span class='ocrx_word' id='word_1_224' title='bbox 566 1547 623 1587; x_wconf 91' lang='lat' dir='ltr'>qui</span> <span class='ocrx_word' id='word_1_225' title='bbox 646 1546 785 1577; x_wconf 87' lang='lat' dir='ltr'>Pindari</span> <span class='ocrx_word' id='word_1_226' title='bbox 819 1546 1079 1586; x_wconf 85' lang='lat' dir='ltr'>chronologiam</span> <span class='ocrx_word' id='word_1_227' title='bbox 1113 1546 1325 1586; x_wconf 83' lang='lat' dir='ltr'>cognoverit,</span> <span class='ocrx_word' id='word_1_228' title='bbox 1352 1546 1475 1576; x_wconf 87' lang='lat' dir='ltr'>eadem</span> <span class='ocrx_word' id='word_1_229' title='bbox 1513 1553 1622 1583; x_wconf 89' lang='lat' dir='ltr'>opera</span> <span class='ocrx_word' id='word_1_230' title='bbox 1660 1543 1764 1574; x_wconf 90' lang='lat' dir='ltr'>etiam</span> <span class='ocrx_word' id='word_1_231' title='bbox 1795 1542 2004 1582; x_wconf 89' lang='lat' dir='ltr'>Delphicam</span> 
     </span>
     <span class='ocr_line' id='line_1_22' title="bbox 213 1596 2004 1643; baseline -0.004 -10"><span class='ocrx_word' id='word_1_232' title='bbox 213 1603 428 1643; x_wconf 82' lang='lat' dir='ltr'>cognovisse,</span> <span class='ocrx_word' id='word_1_233' title='bbox 474 1602 691 1632; x_wconf 85' lang='lat' dir='ltr'>Pindaricam</span> <span class='ocrx_word' id='word_1_234' title='bbox 729 1611 818 1632; x_wconf 90' lang='lat' dir='ltr'>nunc</span> <span class='ocrx_word' id='word_1_235' title='bbox 851 1600 1019 1631; x_wconf 87' lang='lat' dir='ltr'>rationem</span> <span class='ocrx_word' id='word_1_236' title='bbox 1056 1598 1298 1640; x_wconf 86' lang='lat' dir='ltr'>speciminibus</span> <span class='ocrx_word' id='word_1_237' title='bbox 1332 1597 1503 1628; x_wconf 88' lang='lat' dir='ltr'>nonnullis</span> <span class='ocrx_word' id='word_1_238' title='bbox 1541 1596 1797 1631; x_wconf 90' lang='lat' dir='ltr'>illustrabimus‚</span> <span class='ocrx_word' id='word_1_239' title='bbox 1831 1605 2004 1626; x_wconf 87' lang='lat' dir='ltr'>memores</span> 
     </span>
     <span class='ocr_line' id='line_1_23' title="bbox 213 1650 2006 1697; baseline -0.005 -9"><span class='ocrx_word' id='word_1_240' title='bbox 213 1657 341 1697; x_wconf 89' lang='lat' dir='ltr'>antiqui</span> <span class='ocrx_word' id='word_1_241' title='bbox 365 1657 460 1688; x_wconf 88' lang='lat' dir='ltr'>dicti:</span> <span class='ocrx_word' id='word_1_242' title='bbox 498 1657 604 1687; x_wconf 80' lang='lat' dir='ltr'>breve</span> <span class='ocrx_word' id='word_1_243' title='bbox 638 1666 714 1686; x_wconf 88' lang='lat' dir='ltr'>esse</span> <span class='ocrx_word' id='word_1_244' title='bbox 750 1656 814 1686; x_wconf 91' lang='lat' dir='ltr'>iter</span> <span class='ocrx_word' id='word_1_245' title='bbox 847 1665 910 1695; x_wconf 90' lang='lat' dir='ltr'>per</span> <span class='ocrx_word' id='word_1_246' title='bbox 934 1656 1104 1694; x_wconf 81' lang='lat' dir='ltr'>exempla,</span> <span class='ocrx_word' id='word_1_247' title='bbox 1139 1654 1282 1693; x_wconf 92' lang='lat' dir='ltr'>longum</span> <span class='ocrx_word' id='word_1_248' title='bbox 1314 1663 1378 1692; x_wconf 89' lang='lat' dir='ltr'>per</span> <span class='ocrx_word' id='word_1_249' title='bbox 1409 1657 1609 1692; x_wconf 85' lang='lat' dir='ltr'>praecepta.</span> <span class='ocrx_word' id='word_1_250' title='bbox 1667 1650 1760 1681; x_wconf 86' lang='lat' dir='ltr'>Inter</span> <span class='ocrx_word' id='word_1_251' title='bbox 1783 1650 1897 1680; x_wconf 85' lang='lat' dir='ltr'>omnia</span> <span class='ocrx_word' id='word_1_252' title='bbox 1920 1658 2006 1679; x_wconf 91' lang='lat' dir='ltr'>vero</span> 
     </span>
     <span class='ocr_line' id='line_1_24' title="bbox 211 1704 2006 1751; baseline -0.005 -9"><span class='ocrx_word' id='word_1_253' title='bbox 211 1714 352 1742; x_wconf 90' lang='lat' dir='ltr'>heroum</span> <span class='ocrx_word' id='word_1_254' title='bbox 378 1717 571 1751; x_wconf 81' lang='lat' dir='ltr'>stemmata,</span> <span class='ocrx_word' id='word_1_255' title='bbox 594 1721 740 1750; x_wconf 89' lang='lat' dir='ltr'>quorum</span> <span class='ocrx_word' id='word_1_256' title='bbox 764 1715 817 1740; x_wconf 88' lang='lat' dir='ltr'>sat</span> <span class='ocrx_word' id='word_1_257' title='bbox 840 1720 1003 1750; x_wconf 85' lang='lat' dir='ltr'>magnum</span> <span class='ocrx_word' id='word_1_258' title='bbox 1027 1718 1203 1740; x_wconf 89' lang='lat' dir='ltr'>numerum</span> <span class='ocrx_word' id='word_1_259' title='bbox 1220 1708 1390 1738; x_wconf 89' lang='lat' dir='ltr'>Pindarus</span> <span class='ocrx_word' id='word_1_260' title='bbox 1414 1706 1586 1740; x_wconf 85' lang='lat' dir='ltr'>tractavit,</span> <span class='ocrx_word' id='word_1_261' title='bbox 1615 1706 1660 1736; x_wconf 90' lang='lat' dir='ltr'>ad</span> <span class='ocrx_word' id='word_1_262' title='bbox 1677 1705 1894 1736; x_wconf 89' lang='lat' dir='ltr'>edocendum</span> <span class='ocrx_word' id='word_1_263' title='bbox 1913 1704 2006 1734; x_wconf 88' lang='lat' dir='ltr'>haud</span> 
     </span>
     <span class='ocr_line' id='line_1_25' title="bbox 214 1758 2007 1804; baseline -0.005 -7"><span class='ocrx_word' id='word_1_264' title='bbox 214 1767 316 1797; x_wconf 88' lang='lat' dir='ltr'>dubie</span> <span class='ocrx_word' id='word_1_265' title='bbox 340 1766 623 1796; x_wconf 84' lang='lat' dir='ltr'>fructuosissuma</span> <span class='ocrx_word' id='word_1_266' title='bbox 647 1772 699 1795; x_wconf 90' lang='lat' dir='ltr'>est</span> <span class='ocrx_word' id='word_1_267' title='bbox 722 1765 903 1800; x_wconf 81' lang='lat' dir='ltr'>Theronis,</span> <span class='ocrx_word' id='word_1_268' title='bbox 930 1763 1243 1804; x_wconf 82' lang='lat' dir='ltr'>Agrigentinorum</span> <span class='ocrx_word' id='word_1_269' title='bbox 1266 1763 1371 1802; x_wconf 83' lang='lat' dir='ltr'>regis,</span> <span class='ocrx_word' id='word_1_270' title='bbox 1400 1771 1608 1802; x_wconf 84' lang='lat' dir='ltr'>proavorum</span> <span class='ocrx_word' id='word_1_271' title='bbox 1633 1760 1844 1799; x_wconf 87' lang='lat' dir='ltr'>anagrapha.</span> <span class='ocrx_word' id='word_1_272' title='bbox 1880 1758 2007 1798; x_wconf 77' lang='lat' dir='ltr'>Quam-</span> 
     </span>
     <span class='ocr_line' id='line_1_26' title="bbox 213 1813 2008 1861; baseline -0.005 -10"><span class='ocrx_word' id='word_1_273' title='bbox 213 1832 316 1861; x_wconf 82' lang='lat' dir='ltr'>quam</span> <span class='ocrx_word' id='word_1_274' title='bbox 340 1821 428 1851; x_wconf 86' lang='lat' dir='ltr'>enim</span> <span class='ocrx_word' id='word_1_275' title='bbox 461 1831 527 1850; x_wconf 89' lang='lat' dir='ltr'>non</span> <span class='ocrx_word' id='word_1_276' title='bbox 552 1830 628 1850; x_wconf 87' lang='lat' dir='ltr'>eum</span> <span class='ocrx_word' id='word_1_277' title='bbox 651 1819 683 1849; x_wconf 91' lang='lat' dir='ltr'>in</span> <span class='ocrx_word' id='word_1_278' title='bbox 707 1820 847 1849; x_wconf 88' lang='lat' dir='ltr'>modum</span> <span class='ocrx_word' id='word_1_279' title='bbox 870 1819 1019 1858; x_wconf 86' lang='lat' dir='ltr'>benigne</span> <span class='ocrx_word' id='word_1_280' title='bbox 1042 1819 1222 1849; x_wconf 90' lang='lat' dir='ltr'>nobiscum</span> <span class='ocrx_word' id='word_1_281' title='bbox 1252 1817 1323 1856; x_wconf 85' lang='lat' dir='ltr'>egit</span> <span class='ocrx_word' id='word_1_282' title='bbox 1346 1817 1495 1855; x_wconf 85' lang='lat' dir='ltr'>fortuna,</span> <span class='ocrx_word' id='word_1_283' title='bbox 1532 1821 1570 1845; x_wconf 92' lang='lat' dir='ltr'>ut</span> <span class='ocrx_word' id='word_1_284' title='bbox 1591 1815 1730 1855; x_wconf 89' lang='lat' dir='ltr'>plenam</span> <span class='ocrx_word' id='word_1_285' title='bbox 1752 1814 1844 1844; x_wconf 89' lang='lat' dir='ltr'>illam</span> <span class='ocrx_word' id='word_1_286' title='bbox 1866 1819 1901 1844; x_wconf 92' lang='lat' dir='ltr'>et</span> <span class='ocrx_word' id='word_1_287' title='bbox 1923 1813 2008 1844; x_wconf 89' lang='lat' dir='ltr'>inte-</span> 
     </span>
     <span class='ocr_line' id='line_1_27' title="bbox 214 1868 2007 1916; baseline -0.006 -10"><span class='ocrx_word' id='word_1_288' title='bbox 214 1886 313 1916; x_wconf 79' lang='lat' dir='ltr'>gram</span> <span class='ocrx_word' id='word_1_289' title='bbox 336 1886 356 1905; x_wconf 86' lang='lat' dir='ltr'>a</span> <span class='ocrx_word' id='word_1_290' title='bbox 378 1875 528 1905; x_wconf 88' lang='lat' dir='ltr'>Pindaro</span> <span class='ocrx_word' id='word_1_291' title='bbox 553 1875 759 1905; x_wconf 84' lang='lat' dir='ltr'>delineatam</span> <span class='ocrx_word' id='word_1_292' title='bbox 782 1874 980 1907; x_wconf 83' lang='lat' dir='ltr'>habeamus,</span> <span class='ocrx_word' id='word_1_293' title='bbox 1005 1878 1121 1904; x_wconf 88' lang='lat' dir='ltr'>tamen</span> <span class='ocrx_word' id='word_1_294' title='bbox 1147 1872 1179 1902; x_wconf 90' lang='lat' dir='ltr'>in</span> <span class='ocrx_word' id='word_1_295' title='bbox 1203 1871 1460 1902; x_wconf 84' lang='lat' dir='ltr'>luctuosissima</span> <span class='ocrx_word' id='word_1_296' title='bbox 1494 1871 1616 1900; x_wconf 89' lang='lat' dir='ltr'>harum</span> <span class='ocrx_word' id='word_1_297' title='bbox 1649 1869 1841 1899; x_wconf 88' lang='lat' dir='ltr'>litterarum</span> <span class='ocrx_word' id='word_1_298' title='bbox 1875 1868 2007 1897; x_wconf 86' lang='lat' dir='ltr'>iactura</span> 
     </span>
     <span class='ocr_line' id='line_1_28' title="bbox 214 1923 2006 1968; baseline -0.005 -8"><span class='ocrx_word' id='word_1_299' title='bbox 214 1938 266 1960; x_wconf 87' lang='lat' dir='ltr'>tot</span> <span class='ocrx_word' id='word_1_300' title='bbox 289 1929 430 1967; x_wconf 70' lang='lat' dir='ltr'>indiciis,</span> <span class='ocrx_word' id='word_1_301' title='bbox 455 1939 543 1968; x_wconf 87' lang='lat' dir='ltr'>quae</span> <span class='ocrx_word' id='word_1_302' title='bbox 560 1928 703 1959; x_wconf 86' lang='lat' dir='ltr'>invicem</span> <span class='ocrx_word' id='word_1_303' title='bbox 728 1927 792 1957; x_wconf 81' lang='lat' dir='ltr'>sibi</span> <span class='ocrx_word' id='word_1_304' title='bbox 814 1928 924 1958; x_wconf 90' lang='lat' dir='ltr'>lucem</span> <span class='ocrx_word' id='word_1_305' title='bbox 949 1927 1149 1962; x_wconf 84' lang='lat' dir='ltr'>adfundunt‚</span> <span class='ocrx_word' id='word_1_306' title='bbox 1173 1926 1274 1956; x_wconf 89' lang='lat' dir='ltr'>nobis</span> <span class='ocrx_word' id='word_1_307' title='bbox 1296 1925 1455 1965; x_wconf 77' lang='lat' dir='ltr'>innotuit,</span> <span class='ocrx_word' id='word_1_308' title='bbox 1479 1930 1516 1954; x_wconf 93' lang='lat' dir='ltr'>ut</span> <span class='ocrx_word' id='word_1_309' title='bbox 1538 1933 1667 1963; x_wconf 85' lang='lat' dir='ltr'>magna</span> <span class='ocrx_word' id='word_1_310' title='bbox 1694 1923 1817 1953; x_wconf 90' lang='lat' dir='ltr'>saltem</span> <span class='ocrx_word' id='word_1_311' title='bbox 1841 1932 1886 1952; x_wconf 83' lang='lat' dir='ltr'>ex</span> <span class='ocrx_word' id='word_1_312' title='bbox 1906 1926 2006 1961; x_wconf 86' lang='lat' dir='ltr'>parte</span> 
     </span>
     <span class='ocr_line' id='line_1_29' title="bbox 218 1982 1003 2021; baseline -0.001 -7"><span class='ocrx_word' id='word_1_313' title='bbox 218 1986 400 2014; x_wconf 85' lang='lat' dir='ltr'>thesaurus</span> <span class='ocrx_word' id='word_1_314' title='bbox 424 1994 468 2013; x_wconf 79' lang='lat' dir='ltr'>ex</span> <span class='ocrx_word' id='word_1_315' title='bbox 492 1983 642 2013; x_wconf 84' lang='lat' dir='ltr'>tenebris</span> <span class='ocrx_word' id='word_1_316' title='bbox 666 1982 861 2013; x_wconf 86' lang='lat' dir='ltr'>resuscitari</span> <span class='ocrx_word' id='word_1_317' title='bbox 884 1982 1003 2021; x_wconf 87' lang='lat' dir='ltr'>possit.</span> 
     </span>
    </p>
   </div>
   <div class='ocr_carea' id='block_1_4' title="bbox 217 2142 2007 2295">
    <p class='ocr_par' dir='ltr' id='par_1_4' title="bbox 217 2142 2007 2295">
     <span class='ocr_line' id='line_1_30' title="bbox 217 2142 2007 2188; baseline -0.005 -7"><span class='ocrx_word' id='word_1_318' title='bbox 217 2152 262 2182; x_wconf 82' lang='lat'>15.</span> <span class='ocrx_word' id='word_1_319' title='bbox 305 2151 533 2181; x_wconf 89' lang='lat' dir='ltr'>Luculentum</span> <span class='ocrx_word' id='word_1_320' title='bbox 555 2149 802 2188; x_wconf 86' lang='lat' dir='ltr'>Delphicorum</span> <span class='ocrx_word' id='word_1_321' title='bbox 826 2148 1034 2178; x_wconf 87' lang='lat' dir='ltr'>calculorum</span> <span class='ocrx_word' id='word_1_322' title='bbox 1056 2148 1230 2188; x_wconf 89' lang='lat' dir='ltr'>specimen</span> <span class='ocrx_word' id='word_1_323' title='bbox 1254 2146 1424 2177; x_wconf 89' lang='lat' dir='ltr'>Theronis</span> <span class='ocrx_word' id='word_1_324' title='bbox 1448 2145 1616 2175; x_wconf 85' lang='lat' dir='ltr'>maiorum</span> <span class='ocrx_word' id='word_1_325' title='bbox 1646 2144 1850 2184; x_wconf 86' lang='lat' dir='ltr'>anagrapha</span> <span class='ocrx_word' id='word_1_326' title='bbox 1872 2142 1935 2174; x_wconf 82' lang='lat' dir='ltr'>fuit</span> <span class='ocrx_word' id='word_1_327' title='bbox 1958 2143 2007 2173; x_wconf 86' lang='lat' dir='ltr'>ita</span> 
     </span>
     <span class='ocr_line' id='line_1_31' title="bbox 425 2198 1799 2243; baseline -0.004 -9"><span class='ocrx_word' id='word_1_328' title='bbox 425 2209 602 2243; x_wconf 87' lang='lat' dir='ltr'>concepta⁷</span> <span class='ocrx_word' id='word_1_329' title='bbox 626 2208 662 2233; x_wconf 92' lang='lat' dir='ltr'>ut</span> <span class='ocrx_word' id='word_1_330' title='bbox 685 2213 896 2242; x_wconf 89' lang='lat' dir='ltr'>proavorum</span> <span class='ocrx_word' id='word_1_331' title='bbox 918 2202 1024 2232; x_wconf 89' lang='lat' dir='ltr'>series</span> <span class='ocrx_word' id='word_1_332' title='bbox 1047 2213 1067 2233; x_wconf 87' lang='lat' dir='ltr'>a</span> <span class='ocrx_word' id='word_1_333' title='bbox 1091 2201 1221 2232; x_wconf 85' lang='lat' dir='ltr'>Cadmo</span> <span class='ocrx_word' id='word_1_334' title='bbox 1245 2211 1374 2231; x_wconf 80' lang='lat' dir='ltr'>exorsa</span> <span class='ocrx_word' id='word_1_335' title='bbox 1396 2210 1458 2239; x_wconf 89' lang='lat' dir='ltr'>per</span> <span class='ocrx_word' id='word_1_336' title='bbox 1481 2199 1630 2229; x_wconf 85' lang='lat' dir='ltr'>Theram</span> <span class='ocrx_word' id='word_1_337' title='bbox 1654 2198 1799 2229; x_wconf 90' lang='lat' dir='ltr'>insulam</span> 
     </span>
     <span class='ocr_line' id='line_1_32' title="bbox 569 2256 1641 2295; baseline -0.005 -7"><span class='ocrx_word' id='word_1_338' title='bbox 569 2264 603 2288; x_wconf 92' lang='lat' dir='ltr'>et</span> <span class='ocrx_word' id='word_1_339' title='bbox 626 2258 791 2288; x_wconf 85' lang='lat' dir='ltr'>Rhodum</span> <span class='ocrx_word' id='word_1_340' title='bbox 814 2257 847 2287; x_wconf 89' lang='lat' dir='ltr'>in</span> <span class='ocrx_word' id='word_1_341' title='bbox 870 2256 1022 2288; x_wconf 87' lang='lat' dir='ltr'>Siciliam</span> <span class='ocrx_word' id='word_1_342' title='bbox 1045 2257 1194 2287; x_wconf 90' lang='lat' dir='ltr'>deducta</span> <span class='ocrx_word' id='word_1_343' title='bbox 1218 2256 1355 2295; x_wconf 89' lang='lat' dir='ltr'>integra</span> <span class='ocrx_word' id='word_1_344' title='bbox 1380 2260 1641 2294; x_wconf 86' lang='lat' dir='ltr'>proponeretur.</span> 
     </span>
    </p>
   </div>
   <div class='ocr_carea' id='block_1_5' title="bbox 216 2342 2008 2499">
    <p class='ocr_par' dir='ltr' id='par_1_5' title="bbox 216 2342 2008 2499">
     <span class='ocr_line' id='line_1_33' title="bbox 363 2342 2007 2389; baseline -0.004 -9"><span class='ocrx_word' id='word_1_345' title='bbox 363 2350 502 2380; x_wconf 80' lang='lat' dir='ltr'>Theron</span> <span class='ocrx_word' id='word_1_346' title='bbox 526 2349 639 2389; x_wconf 85' lang='lat' dir='ltr'>igitur⁷</span> <span class='ocrx_word' id='word_1_347' title='bbox 663 2348 889 2379; x_wconf 86' lang='lat' dir='ltr'>Aenesidami</span> <span class='ocrx_word' id='word_1_348' title='bbox 912 2346 1011 2383; x_wconf 89' lang='lat' dir='ltr'>filius,</span> <span class='ocrx_word' id='word_1_349' title='bbox 1035 2347 1346 2387; x_wconf 88' lang='lat' dir='ltr'>Agrigentinorum</span> <span class='ocrx_word' id='word_1_350' title='bbox 1363 2346 1406 2375; x_wconf 86' lang='lat' dir='ltr'>ab</span> <span class='ocrx_word' id='word_1_351' title='bbox 1430 2355 1519 2375; x_wconf 91' lang='lat' dir='ltr'>anno</span> <span class='ocrx_word' id='word_1_352' title='bbox 1537 2345 1597 2375; x_wconf 77' lang='lat'>488</span> <span class='ocrx_word' id='word_1_353' title='bbox 1621 2345 1665 2374; x_wconf 90' lang='lat' dir='ltr'>ad</span> <span class='ocrx_word' id='word_1_354' title='bbox 1681 2344 1743 2375; x_wconf 85' lang='lat'>473</span> <span class='ocrx_word' id='word_1_355' title='bbox 1765 2343 1923 2380; x_wconf 90' lang='lat' dir='ltr'>(Diodor.</span> <span class='ocrx_word' id='word_1_356' title='bbox 1940 2342 2007 2380; x_wconf 88' lang='lat' dir='ltr'>XI,</span> 
     </span>
     <span class='ocr_line' id='line_1_34' title="bbox 217 2397 2008 2443; baseline -0.006 -7"><span class='ocrx_word' id='word_1_357' title='bbox 217 2406 271 2436; x_wconf 77' lang='lat'>53:</span> <span class='ocrx_word' id='word_1_358' title='bbox 307 2405 406 2443; x_wconf 79' lang='grc' dir='ltr'>ἄρξας</span> <span class='ocrx_word' id='word_1_359' title='bbox 439 2404 492 2442; x_wconf 81' lang='grc' dir='ltr'>ἔτη</span> <span class='ocrx_word' id='word_1_360' title='bbox 516 2405 592 2435; x_wconf 83' lang='grc' dir='ltr'>δέκα</span> <span class='ocrx_word' id='word_1_361' title='bbox 615 2404 666 2434; x_wconf 88' lang='grc' dir='ltr'>καὶ</span> <span class='ocrx_word' id='word_1_362' title='bbox 689 2404 734 2441; x_wconf 80' lang='grc' dir='ltr'>ἕξ)</span> <span class='ocrx_word' id='word_1_363' title='bbox 772 2408 947 2442; x_wconf 83' lang='lat' dir='ltr'>tyrannus,</span> <span class='ocrx_word' id='word_1_364' title='bbox 979 2402 1162 2441; x_wconf 88' lang='lat' dir='ltr'>plurimum</span> <span class='ocrx_word' id='word_1_365' title='bbox 1187 2400 1385 2431; x_wconf 88' lang='lat' dir='ltr'>deliciarum</span> <span class='ocrx_word' id='word_1_366' title='bbox 1416 2404 1449 2429; x_wconf 93' lang='lat' dir='ltr'>et</span> <span class='ocrx_word' id='word_1_367' title='bbox 1472 2398 1661 2438; x_wconf 88' lang='lat' dir='ltr'>voluptatis</span> <span class='ocrx_word' id='word_1_368' title='bbox 1697 2408 1741 2428; x_wconf 85' lang='lat' dir='ltr'>ex</span> <span class='ocrx_word' id='word_1_369' title='bbox 1761 2399 1826 2428; x_wconf 85' lang='lat' dir='ltr'>hac</span> <span class='ocrx_word' id='word_1_370' title='bbox 1848 2397 2008 2437; x_wconf 90' lang='lat' dir='ltr'>opinione</span> 
     </span>
     <span class='ocr_line' id='line_1_35' title="bbox 216 2451 2008 2499; baseline -0.005 -9"><span class='ocrx_word' id='word_1_371' title='bbox 216 2460 388 2499; x_wconf 87' lang='lat' dir='ltr'>capiebat:</span> <span class='ocrx_word' id='word_1_372' title='bbox 427 2458 589 2488; x_wconf 87' lang='lat' dir='ltr'>familiam</span> <span class='ocrx_word' id='word_1_373' title='bbox 626 2468 721 2487; x_wconf 91' lang='lat' dir='ltr'>suam</span> <span class='ocrx_word' id='word_1_374' title='bbox 758 2457 886 2488; x_wconf 86' lang='lat' dir='ltr'>Thebis</span> <span class='ocrx_word' id='word_1_375' title='bbox 923 2456 1103 2487; x_wconf 90' lang='lat' dir='ltr'>oriundam</span> <span class='ocrx_word' id='word_1_376' title='bbox 1126 2465 1147 2485; x_wconf 88' lang='lat' dir='ltr'>a</span> <span class='ocrx_word' id='word_1_377' title='bbox 1171 2455 1301 2486; x_wconf 83' lang='lat' dir='ltr'>Cadmo</span> <span class='ocrx_word' id='word_1_378' title='bbox 1339 2460 1373 2484; x_wconf 91' lang='lat' dir='ltr'>et</span> <span class='ocrx_word' id='word_1_379' title='bbox 1409 2453 1546 2493; x_wconf 90' lang='lat' dir='ltr'>Oedipo</span> <span class='ocrx_word' id='word_1_380' title='bbox 1589 2454 1811 2484; x_wconf 83' lang='lat' dir='ltr'>descendere.</span> <span class='ocrx_word' id='word_1_381' title='bbox 1871 2451 2008 2482; x_wconf 90' lang='lat' dir='ltr'>Deinde</span> 
     </span>
    </p>
   </div>
  </div>
 </body>
</html>
